@misc{ wiki:dash,
   author = "{Wikipedia contributors}",
   title = "Dynamic Adaptive Streaming over HTTP --- {W}ikipedia{,} The Free Encyclopedia",
   year = "2004",
   url = "https://en.wikipedia.org/wiki/Dynamic_Adaptive_Streaming_over_HTTP",
   note = "[Online; \lastaccessedtoday]"
 }