@misc{quic:2013:online,
	author = {Jim Roskind},
	title = {QUIC, a multiplexed stream transport over UDP},
	year = {2013 (accessed May 15, 2017)}, 
	howpublished = "\url{https://www.chromium.org/quic}"
}

@misc{Google:makethewebfaster:online,
    title = {Make the Web Faster},
    author = {Google},
    year = {2017 (accessed May 15, 2017)},
    howpublished="\url{https://developers.google.com/speed}"
}

@misc{webp:2010:google,
    title = {WebP, a new image format for the Web},
    author = {Richard Rabbat},
    year = {2010 (access May 15, 2017)},
    howpublished = {Chromium Blog \url{https://blog.chromium.org/2010/09/webp-new-image-format-for-web.html}}
}

@article{spdy,
    title={{SPDY}ing up the web},
    author={Thomas, Bryce and Jurdak, Raja and Atkinson, Ian},
    journal={Communications of the ACM},
    volume={55},
    number={12},
    pages={64--73},
    year={2012},
    publisher={ACM}
}

@inproceedings{google-fast-open,
    title = {{TCP} Fast Open},
    author  = {Sivasankar Radhakrishnan and Yuchung Cheng and Jerry Chu and Arvind Jain and Barath Raghavan},
    year  = 2011,
    booktitle = {Proceedings of the 7th International Conference on emerging Networking EXperiments and Technologies (CoNEXT)}
}

@INPROCEEDINGS{quicisquic,
    author={P. Megyesi and Z. Krämer and S. Molnár},
    booktitle={Proceedings of the 2016 IEEE International Conference on Communications},
    title={How quick is {QUIC?}},
    year={2016},
    pages={1-6},
    month={May},}

@inproceedings{carlucci2015http,
    title={{HTTP} over {UDP}: an Experimental Investigation of {QUIC}},
    author={Carlucci, Gaetano and De Cicco, Luca and Mascolo, Saverio},
    booktitle={Proceedings of the 30th Annual ACM Symposium on Applied Computing},
    pages={609--614},
    year={2015},
    organization={ACM}
}

@ARTICLE{cui2017innovating,
    author={Y. Cui and T. Li and C. Liu and X. Wang and M. Kühlewind},
    journal={IEEE Internet Computing},
    title={Innovating Transport with {QUIC}: Design Approaches and Research Challenges},
    year={2017},
    volume={21},
    number={2},
    pages={72-76},
    ISSN={1089-7801},
    month={Mar},}

@misc{roskind2015quic,
    title={{QUIC}: Design document and specification rational},
    author={Roskind, Jim},
    year={2015}
}

@inproceedings{lychev2015secure,
    title={How secure and quick is {QUIC}? Provable security and performance analyses},
    author={Lychev, Robert and Jero, Samuel and Boldyreva, Alexandra and Nita-Rotaru, Cristina},
    booktitle={Proceedings of the 2015 IEEE Symposium on Security and Privacy},
    pages={214--231},
    year={2015},
    organization={IEEE}
}

@INPROCEEDINGS{biswal2016,
    author={P. Biswal and O. Gnawali},
    booktitle={Proceedings of the 2016 IEEE Global Communications Conference},
    title={Does {QUIC} Make the Web Faster?},
    year={2016},
    pages={1-6},
    month={Dec},}

@inproceedings{maier2010first,
  title={A first look at mobile hand-held device traffic},
  author={Maier, Gregor and Schneider, Fabian and Feldmann, Anja},
  booktitle={Proceedings of PAM},
  pages={161--170},
  year={2010},
}

@article{kaplan2012if,
  title={If you love something, let it go mobile: Mobile marketing and mobile social media 4x4},
  author={Kaplan, Andreas M},
  journal={Business Horizons},
  volume={55},
  number={2},
  pages={129--139},
  year={2012},
  publisher={Elsevier}
}

@inproceedings{figueiredo2011tube,
  title={The tube over time: characterizing popularity growth of youtube videos},
  author={Figueiredo, Flavio and Benevenuto, Fabr{\'\i}cio and Almeida, Jussara M},
  booktitle={Proceedings of the fourth ACM WSDM},
  pages={745--754},
  year={2011},
}

@inproceedings{brodersen2012youtube,
  title={Youtube around the world: geographic popularity of videos},
  author={Brodersen, Anders and Scellato, Salvatore and Wattenhofer, Mirjam},
  booktitle={Proceedings of the 21st WWW},
  pages={241--250},
  year={2012},
}

@inproceedings{li2012video,
  title={Video sharing in online social networks: measurement and analysis},
  author={Li, Haitao and Wang, Haiyang and Liu, Jiangchuan and Xu, Ke},
  booktitle={Proceedings of the 22nd NOSSDAV},
  pages={83--88},
  year={2012},
}

@article{figueiredo2014dynamics,
  title={On the dynamics of social media popularity: A youtube case study},
  author={Figueiredo, Flavio and Almeida, Jussara M and Gon{\c{c}}alves, Marcos Andr{\'e} and Benevenuto, Fabr{\'\i}cio},
  journal={ACM Transactions on Internet Technology},
  volume={14},
  number={4},
  pages={24},
  year={2014},
  publisher={ACM}
}

@inproceedings{gill2007youtube,
  title={Youtube traffic characterization: a view from the edge},
  author={Gill, Phillipa and Arlitt, Martin and Li, Zongpeng and Mahanti, Anirban},
  booktitle={Proceedings of the 7th ACM SIGCOMM IMC},
  pages={15--28},
  year={2007},
}

@article{seufert2015survey,
  title={A survey on quality of experience of {HTTP} adaptive streaming},
  author={Seufert, Michael and Egger, Sebastian and Slanina, Martin and Zinner, Thomas and Ho{\ss}feld, Tobias and Tran-Gia, Phuoc},
  journal={IEEE Communications Surveys \& Tutorials},
  volume={17},
  number={1},
  pages={469--492},
  year={2015}
}

@inproceedings{stockhammer2011dynamic,
  title={Dynamic adaptive streaming over {HTTP}--: standards and design principles},
  author={Stockhammer, Thomas},
  booktitle={Proceedings of the second annual ACM MMSys},
  pages={133--144},
  year={2011},
}

@inproceedings{erman2011over,
  title={Over the top video: the gorilla in cellular networks},
  author={Erman, Jeffrey and Gerber, Alexandre and Ramadrishnan, KK and Sen, Subhabrata and Spatscheck, Oliver},
  booktitle={Proceedings of the 2011 ACM SIGCOMM IMC},
  pages={127--136},
  year={2011},
}

@article{erman2015towards,
	title={Towards a {SPDY}’ier mobile web?},
	author={Erman, Jeffrey and Gopalakrishnan, Vijay and Jana, Rittwik and Ramakrishnan, Kadangode K},
	journal={IEEE/ACM Transactions on Networking},
	volume={23},
	number={6},
	pages={2010--2023},
	year={2015},
	publisher={IEEE}
}

@article{thang2012adaptive,
  title={Adaptive streaming of audiovisual content using {MPEG DASH}},
  author={Thang, Truong Cong and Ho, Quang-Dung and Kang, Jung Won and Pham, Anh T},
  journal={IEEE Transactions on Consumer Electronics},
  volume={58},
  number={1},
  pages={78--85},
  year={2012}
}

@article{zhao2015qoe,
  title={{QoE}-driven cross-layer optimization for wireless dynamic adaptive streaming of scalable videos over {HTTP}},
  author={Zhao, Mincheng and Gong, Xiangyang and Liang, Jie and Wang, Wendong and Que, Xirong and Cheng, Shiduan},
  journal={IEEE Transactions on Circuits and Systems for Video Technology},
  volume={25},
  number={3},
  pages={451--465},
  year={2015},
}

@inproceedings{wang2014joint,
  title={Joint online transcoding and geo-distributed delivery for dynamic adaptive streaming},
  author={Wang, Zhi and Sun, Lifeng and Wu, Chuan and Zhu, Wenwu and Yang, Shiqiang},
  booktitle={Proceedings of IEEE INFOCOM},
  pages={91--99},
  year={2014},
}

@inproceedings{juluri2015cache,
  title={Cache'n {DASH}: Efficient Caching for {DASH}},
  author={Juluri, Parikshit and Medhi, Deep},
  booktitle={ACM SIGCOMM Computer Communication Review},
  volume={45},
  number={4},
  pages={599--600},
  year={2015}
}

@inproceedings{cheng2008statistics,
  title={Statistics and social network of youtube videos},
  author={Cheng, Xu and Dale, Cameron and Liu, Jiangchuan},
  booktitle={Proceedings of 16th IWQoS},
  pages={229--238},
  year={2008},
}

@inproceedings{davidson2010youtube,
  title={The YouTube video recommendation system},
  author={Davidson, James and Liebald, Benjamin and Liu, Junning and Nandy, Palash and Van Vleet, Taylor and Gargi, Ullas and Gupta, Sujoy and He, Yu and Lambert, Mike and Livingston, Blake and others},
  booktitle={Proceedings of the fourth ACM RecSys},
  pages={293--296},
  year={2010},
}

@inproceedings{baluja2008video,
  title={Video suggestion and discovery for youtube: taking random walks through the view graph},
  author={Baluja, Shumeet and Seth, Rohan and Sivakumar, D and Jing, Yushi and Yagnik, Jay and Kumar, Shankar and Ravichandran, Deepak and Aly, Mohamed},
  booktitle={Proceedings of the 17th WWW},
  pages={895--904},
  year={2008},
}

@inproceedings{hourcade2015look,
  title={Look, My Baby Is Using an {iPad}! An Analysis of {YouTube} Videos of Infants and Toddlers Using Tablets},
  author={Hourcade, Juan Pablo and Mascher, Sarah L and Wu, David and Pantoja, Luiza},
  booktitle={Proceedings of the 33rd Annual ACM CHI},
  pages={1915--1924},
  year={2015},
}

@inproceedings{anorga2015youtube,
  title={YouTube’s DASH implementation analysis},
  author={Anorga, Javier and Arrizabalaga, Saioa and Sedano, Beatriz and Alonso-Arce, Maykel and Mendizabal, Jaizki},
  booktitle={Proceedings of 19th CSCC},
  pages={61--66},
  year={2015}
}

@article{wamser2016modeling,
  title={Modeling the YouTube stack: From packets to quality of experience},
  author={Wamser, Florian and Casas, Pedro and Seufert, Michael and Moldovan, Christian and Tran-Gia, Phuoc and Hossfeld, Tobias},
  journal={Computer Networks},
  year={2016},
  publisher={Elsevier}
}

@inproceedings{wamser2015poster,
  title={Poster: Understanding YouTube {QoE} in Cellular Networks with {YoMoApp}: A {QoE} Monitoring Tool for {YouTube} Mobile},
  author={Wamser, Florian and Seufert, Michael and Casas, Pedro and Irmer, Ralf and Tran-Gia, Phuoc and Schatz, Raimund},
  booktitle={Proceedings of the 21st MobiCom},
  pages={263--265},
  year={2015},
}

@inproceedings{Wamser:2015:PUY:2789168.2795176,
 author = {Wamser, Florian and Seufert, Michael and Casas, Pedro and Irmer, Ralf and Tran-Gia, Phuoc and Schatz, Raimund},
 title = {Poster: Understanding YouTube QoE in Cellular Networks with YoMoApp: A QoE Monitoring Tool for YouTube Mobile},
 booktitle = {Proceedings of the 21st MobiCom},
 series = {MobiCom '15},
 year = {2015},
 pages = {263--265},
 numpages = {3},
} 

@inproceedings{quinlan2015delivery,
  title={Delivery of adaptive bit rate video: balancing fairness, efficiency and quality},
  author={Quinlan, Jason J and Zahran, Ahmed H and Ramakrishnan, KK and Sreenan, Cormac J},
  booktitle={The 21st IEEE LANMAN},
  pages={1--6},
  year={2015},
}

@ARTICLE{6757893ieeeexp,
 author={J. J. Ramos-munoz and J. Prados-Garzon and P. Ameigeiras and J. Navarro-Ortiz and J. M. Lopez-soler},
 journal={IEEE Wireless Communications},
 title={Characteristics of mobile youtube traffic},
 year={2014},
 volume={21},
 number={1},
 pages={18-25},
 month={February},
}

@ARTICLE{7129790ieeeexp,
 author={X. Che and B. Ip and L. Lin},
 journal={IEEE Multimedia},
 title={A Survey of Current YouTube Video Characteristics},
 year={2015},
 volume={22},
 number={2},
 pages={56-63},
 month={Apr},
}

@INPROCEEDINGS{7147727ieeeexp,
 author={G. Horvath and P. Fazekas},
 booktitle={European Wireless 2015; 21th European Wireless Conference; Proceedings of},
 title={Modelling of YouTube Traffic in High Speed Mobile Networks},
 year={2015},
 pages={1-6},
 month={May},
}

@inproceedings{Pires:2014:DTA:2676652.2676657,
 author = {Pires, Karine and Simon, Gwendal},
 title = {DASH in Twitch: Adaptive Bitrate Streaming in Live Game Streaming Platforms},
 booktitle = {Proceedings of the 2014 Workshop on Design, Quality and Deployment of Adaptive Video Streaming},
 series = {VideoNext '14},
 year = {2014},
 isbn = {978-1-4503-3281-1},
 location = {Sydney, Australia},
 pages = {13--18},
 numpages = {6},
 url = {http://doi.acm.org/10.1145/2676652.2676657},
 doi = {10.1145/2676652.2676657},
 acmid = {2676657},
 publisher = {ACM},
 address = {New York, NY, USA},
 keywords = {live streaming, user-generated content, video encoding},
} 

@Inbook{Hobfeld2013,
 author="Ho{\ss}feld, Tobias
 and Schatz, Raimund
 and Biersack, Ernst
 and Plissonneau, Louis",
 editor="Biersack, Ernst
 and Callegari, Christian
 and Matijasevic, Maja",
 title="Internet Video Delivery in YouTube: From Traffic Measurements to Quality of Experience",
 bookTitle="Data Traffic Monitoring and Analysis: From Measurement, Classification, and Anomaly Detection to Quality of Experience",
 year="2013",
 publisher="Springer Berlin Heidelberg",
 address="Berlin, Heidelberg",
 pages="264--301",
 isbn="978-3-642-36784-7",
 doi="10.1007/978-3-642-36784-7_11",
 url="http://dx.doi.org/10.1007/978-3-642-36784-7_11"
}

@online{nfqueue,
 title={Netfilter Queue (last accessed: July 2016)},
 url = {http://www.netfilter.org/projects/libnetfilter_queue/},
 year = 2016,
}

@online{json,
 title={Introducing JSON (last accessed: July 2016)},
 url = {http://www.json.org/},
 year = 2016,
}

@online{itag,
 title={Format and Resolution of {YouTube} Videos (last accessed: July 2016)},
 url = {http://www.genyoutube.net/formats-resolution-youtube-videos.html},
 year = 2016,
}

@online{ytapi,
 title={{YouTube API} (last accessed: July 2016)},
 url = {https://developers.google.com/youtube/},
 year = 2016,
}

@inproceedings{sieber2015cost,
  title={The cost of aggressive {HTTP} adaptive streaming: Quantifying {YouTube's} redundant traffic},
  author={Sieber, Christian and Blenk, Andreas and Hinteregger, Max and Kellerer, Wolfgang},
  booktitle={Proceedings of IFIP/IEEE IM},
  pages={1261--1267},
  year={2015}
}

@inproceedings{seufert2015youtube,
  title={{YouTube QoE} on mobile devices: Subjective analysis of classical vs. adaptive video streaming},
  author={Seufert, Michael and Wamser, Florian and Casas, Pedro and Irmer, Ralf and Tran-Gia, Phuoc and Schatz, Raimund},
  booktitle={Proceedings of IEEE IWCMC},
  pages={43--48},
  year={2015}
}

@inproceedings{finamore2011youtube,
  title={{YouTube} everywhere: Impact of device and infrastructure synergies on user experience},
  author={Finamore, Alessandro and Mellia, Marco and Munaf{\`o}, Maurizio M and Torres, Ruben and Rao, Sanjay G},
  booktitle={Proceedings of the 2011 ACM SIGCOMM IMC},
  pages={345--360},
  year={2011}
}


@inproceedings{sieber2016sacrificing,
  title={Sacrificing efficiency for quality of experience: {YouTube's} redundant traffic behavior},
  author={Sieber, Christian and Heegaard, Poul and Ho{\ss}feld, Tobias and Kellerer, Wolfgang},
  booktitle={Proceedings of IFIP Networking},
  pages={503--511},
  year={2016}
}

@article{breiman2001random,
    author = {Leo Breiman},
    journal = {Machine Learning},
    number = {1},
    pages = {5-32},
    title = {Random Forests},
    volume = {45},
    year = {2001}
 }

@book{witten2016data,
  author = {Ian H. Witten and Eibe Frank and Mark A. Hall and Christopher J. Pal},
  title = {Data Mining: Practical Machine Learning Tools and Techniques},
  publisher = {Morgan Kaufmann},
  year = 2016,
  address = {Burlington, MA},
  edition = 4,
  http = {http://www.cs.waikato.ac.nz/~ml/weka/book.html}
}

@article{akyildiz2004predictive,
  title={The predictive user mobility profile framework for wireless multimedia networks},
  author={Akyildiz, Ian F and Wang, Wenye},
  journal={IEEE/ACM Transactions on Networking (TON)},
  volume={12},
  number={6},
  pages={1021--1035},
  year={2004},
  publisher={IEEE Press}
}

@inproceedings{zou2015can,
  title={Can accurate predictions improve video streaming in cellular networks?},
  author={Zou, Xuan Kelvin and Erman, Jeffrey and Gopalakrishnan, Vijay and Halepovic, Emir and Jana, Rittwik and Jin, Xin and Rexford, Jennifer and Sinha, Rakesh K},
  booktitle={Proceedings of the 16th International Workshop on Mobile Computing Systems and Applications},
  pages={57--62},
  year={2015},
  organization={ACM}
}

@inproceedings{balachandran2012quest,
	title={A quest for an {Internet} video quality-of-experience metric},
	author={Balachandran, Athula and Sekar, Vyas and Akella, Aditya and Seshan, Srinivasan and Stoica, Ion and Zhang, Hui},
	booktitle={Proceedings of the 11th ACM workshop on hot topics in networks},
	pages={97--102},
	year={2012},
	organization={ACM}
}

@techreport{RFC2616,
    author = {Roy T. Fielding and James Gettys and Jeffrey C. Mogul and Henrik Frystyk Nielsen and Larry Masinter and Paul J. Leach and Tim Berners-Lee},
    title = {Hypertext Transfer Protocol -- {HTTP}/1.1},
    howpublished = {Internet Requests for Comments},
    type = {RFC},
    number = {2616},
    year = {1999},
    month = {June},
    issn = {2070-1721},
    publisher = {RFC Editor},
    institution = {RFC Editor},
    url = {http://www.rfc-editor.org/rfc/rfc2616.txt},
    note = {\url{http://www.rfc-editor.org/rfc/rfc2616.txt}},
}

@article{bakri2015http,
	title={{HTTP/2} and {QUIC} for Virtual Worlds and the {3D} Web?},
	author={Bakri, Hussein and Allison, Colin and Miller, Alan and Oliver, Iain},
	journal={Procedia Computer Science},
	volume={56},
	pages={242--251},
	year={2015},
	publisher={Elsevier}
}

@article{qian2015toward,
	title={Toward Mobile-Friendly Web Browsing},
	author={Qian, Feng},
	journal={IEEE Internet Computing},
	volume={19},
	number={5},
	pages={72--76},
	year={2015},
	publisher={IEEE}
}

@article{anorga2017analysis,
	title={Analysis of {YouTube}’s traffic adaptation to dynamic environments},
	author={A{\~n}orga, Javier and Arrizabalaga, Saioa and Sedano, Beatriz and Goya, Jon and Alonso-Arce, Maykel and Mendizabal, Jaizki},
	journal={Multimedia Tools and Applications},
	pages={1--24},
	year={2017},
	publisher={Springer}
}

@inproceedings{mondal2017youtube,
	title={Candid with {YouTube}: Adaptive Streaming Behavior and Implications on Data Consumption},
	author={Abhijit Mondal and Satadal Sengupta and Bachu Rikith Reddy and M.J.V. Koundinya and Chander Govindarajan and Pradipta De and Niloy Ganguly and Sandip Chakraborty},
	booktitle={Proceedings of the 27th ACM SIGMM International workshop on Network and Operating Systems Support for Digital Audio and Video},
	year={2017},
	organization={ACM}
}

@inproceedings{krishnappa2013dashing,
	title={{DASH}ing YouTube: An analysis of using {DASH} in {YouTube} video service},
	author={Krishnappa, Dilip Kumar and Bhat, Divyashri and Zink, Michael},
	booktitle={Proceedings of the  2013 IEEE 38th Conference on Local Computer Networks},
	pages={407--415},
	year={2013},
	organization={IEEE}
}