@inproceedings{wang2014achieving,
  title={Achieving {TCP} Reno friendliness in {FAST TCP} over wide area networks},
  author={Wang, Jingyuan and Gao, Fei and Wen, Jiangtao and Li, Chao and Xiong, Zhang and Han, Yuxing},
  booktitle={Proceedings of the 2014 International Conference on Computing, Networking and Communications (ICNC)},
  pages={445--449},
  year={2014},
  organization={IEEE}
}

@inproceedings{lukaseder2016comparison,
	title={A Comparison of {TCP} Congestion Control Algorithms in {10G} Networks},
	author={Lukaseder, Thomas and Bradatsch, Leonard and Erb, Benjamin and Van Der Heijden, Rens W and Kargl, Frank},
	booktitle={Proceedings of the  2016 IEEE 41st Conference on Local Computer Networks (LCN)},
	pages={706--714},
	year={2016},
	organization={IEEE}
}

@article{wang2013cubic,
	title={{CUBIC-FIT}: a high performance and {TCP CUBIC} friendly congestion control algorithm},
	author={Wang, Jingyuan and Wen, Jiangtao and Han, Yuxing and Zhang, Jun and Li, Chao and Xiong, Zhang},
	journal={IEEE Communications Letters},
	volume={17},
	number={8},
	pages={1664--1667},
	year={2013},
	publisher={IEEE}
}

@inproceedings{de2016throughput,
	title={Throughput Estimation for Short Lived {TCP} Cubic Flows},
	author={De Silva, Girisha and Chan, Mun Choon and Ooi, Wei Tsang},
	booktitle={Proceedings of the 13th International Conference on Mobile and Ubiquitous Systems: Computing, Networking and Services},
	pages={227--236},
	year={2016},
	organization={ACM}
}

@article{perkins1997mobile,
	title={Mobile {IP}},
	author={Perkins, Charles E},
	journal={IEEE communications Magazine},
	volume={35},
	number={5},
	pages={84--99},
	year={1997},
	publisher={IEEE}
}

@inproceedings{arye2012formally,
	title={A formally-verified migration protocol for mobile, multi-homed hosts},
	author={Arye, Matvey and Nordstr{\"o}m, Erik and Kiefer, Robert and Rexford, Jennifer and Freedman, Michael J},
	booktitle={Proceedings of the 2012 20th IEEE International Conference on Network Protocols (ICNP)},
	pages={1--12},
	year={2012},
	organization={IEEE}
}

@article{iyengar2006concurrent,
	title={Concurrent multipath transfer using {SCTP} multihoming over independent end-to-end paths},
	author={Iyengar, Janardhan R and Amer, Paul D and Stewart, Randall},
	journal={IEEE/ACM Transactions on networking},
	volume={14},
	number={5},
	pages={951--964},
	year={2006},
	publisher={IEEE}
}


@article{raychaudhuri2012mobilityfirst,
	title={{MobilityFirst}: A robust and trustworthy mobility-centric architecture for the future internet},
	author={Raychaudhuri, Dipankar and Nagaraja, Kiran and Venkataramani, Arun},
	journal={ACM SIGMOBILE Mobile Computing and Communications Review},
	volume={16},
	number={3},
	pages={2--13},
	year={2012},
	publisher={ACM}
}

@article{venkataramani2014mobilityfirst,
	title={{MobilityFirst}: A mobility-centric and trustworthy {Internet} architecture},
	author={Venkataramani, Arun and Kurose, James F and Raychaudhuri, Dipankar and Nagaraja, Kiran and Mao, Morley and Banerjee, Suman},
	journal={ACM SIGCOMM Computer Communication Review},
	volume={44},
	number={3},
	pages={74--80},
	year={2014},
	publisher={ACM}
}

@article{dukkipati2006flow,
	title={Why flow-completion time is the right metric for congestion control},
	author={Dukkipati, Nandita and McKeown, Nick},
	journal={ACM SIGCOMM Computer Communication Review},
	volume={36},
	number={1},
	pages={59--62},
	year={2006},
	publisher={ACM}
}