@inproceedings{jurafsky2018,
 author = {Jurafsky, Daniel and Martin, James H.},
 title = {Speech and Language Processing (3rd Edition) (Draft)},
 year = {2018},
 howpublished = {\url{https://web.stanford.edu/~jurafsky/slp3/}},
}
@inproceedings{zeman2008,
  title = {Cross-language parser adaptation between related languages},
  author = {Zeman, Daniel and Resnik, Philip},
  booktitle = {Proceedings of the IJCNLP-08 Workshop on NLP for Less Privileged Languages},
  publisher = {Asian Federation of Natural  Language Processing},
  year = {2008},
}
@inproceedings{sogaard2011,
  title={Data point selection for cross-language adaptation of dependency parsers},
  author={S{\o}gaard, Anders},
  booktitle={Proceedings of the 49th Annual Meeting of the Association for Computational Linguistics: Human Language Technologies: short papers-Volume 2},
  pages={682--686},
  year={2011},
  organization={Association for Computational Linguistics}
}
@inproceedings{sogaard2012,
    title = "An Empirical Study of Non-Lexical Extensions to Delexicalized Transfer",
    author = "S{\o}gaard, Anders  and
      Wulff, Julie",
    booktitle = "Proceedings of {COLING} 2012: Posters",
    month = dec,
    year = "2012",
    address = "Mumbai, India",
    publisher = "The COLING 2012 Organizing Committee",
    url = "https://www.aclweb.org/anthology/C12-2115",
    pages = "1181--1190",
}
@inproceedings{sogaard2015,
    title = "Inverted indexing for cross-lingual {NLP}",
    author = "S{\o}gaard, Anders  and
      Agi{\'c}, {\v{Z}}eljko  and
      Mart{\'\i}nez Alonso, H{\'e}ctor  and
      Plank, Barbara  and
      Bohnet, Bernd  and
      Johannsen, Anders",
    booktitle = "Proceedings of the 53rd Annual Meeting of the Association for Computational Linguistics and the 7th International Joint Conference on Natural Language Processing (Volume 1: Long Papers)",
    month = jul,
    year = "2015",
    address = "Beijing, China",
    publisher = "Association for Computational Linguistics",
    url = "https://www.aclweb.org/anthology/P15-1165",
    doi = "10.3115/v1/P15-1165",
    pages = "1713--1722",
}
@inproceedings{mcdonald2011,
  title={Multi-source transfer of delexicalized dependency parsers},
  author={McDonald, Ryan and Petrov, Slav and Hall, Keith},
  booktitle={Proceedings of the conference on empirical methods in natural language processing},
  pages={62--72},
  year={2011},
  organization={Association for Computational Linguistics}
}
@inproceedings{tackstrom2012,
  title={Cross-lingual word clusters for direct transfer of linguistic structure},
  author={T{\"a}ckstr{\"o}m, Oscar and McDonald, Ryan and Uszkoreit, Jakob},
  booktitle={Proceedings of the 2012 conference of the North American chapter of the association for computational linguistics: Human language technologies},
  pages={477--487},
  year={2012},
  organization={Association for Computational Linguistics}
}
@inproceedings{tackstrom2013,
  author    = {Oscar T{\"{a}}ckstr{\"{o}}m and
               Ryan T. McDonald and
               Joakim Nivre},
  title     = {Target Language Adaptation of Discriminative Transfer Parsers},
  booktitle = {Human Language Technologies: Conference of the North American Chapter
               of the Association of Computational Linguistics, Proceedings, June
               9-14, 2013, Westin Peachtree Plaza Hotel, Atlanta, Georgia, {USA}},
  pages     = {1061--1071},
  year      = {2013},
  url       = {http://aclweb.org/anthology/N/N13/N13-1126.pdf},
  timestamp = {Fri, 21 Feb 2014 14:03:41 +0100},
  biburl    = {http://dblp.uni-trier.de/rec/bib/conf/naacl/TackstromMN13},
  bibsource = {dblp computer science bibliography, http://dblp.org}
}
@inproceedings{guo2015a,
  title={Cross-lingual dependency parsing based on distributed representations},
  author={Guo, Jiang and Che, Wanxiang and Yarowsky, David and Wang, Haifeng and Liu, Ting},
  booktitle={Proceedings of the 53rd Annual Meeting of the Association for Computational Linguistics and the 7th International Joint Conference on Natural Language Processing (Volume 1: Long Papers)},
  volume={1},
  pages={1234--1244},
  year={2015}
}
@inproceedings{xiao2014,
  title={Distributed word representation learning for cross-lingual dependency parsing},
  author={Xiao, Min and Guo, Yuhong},
  booktitle={Proceedings of the Eighteenth Conference on Computational Natural Language Learning},
  pages={119--129},
  year={2014}
}
@article{guo2016a,
  title={A distributed representation-based framework for cross-lingual transfer parsing},
  author={Guo, Jiang and Che, Wanxiang and Yarowsky, David and Wang, Haifeng and Liu, Ting},
  journal={Journal of Artificial Intelligence Research},
  volume={55},
  pages={995--1023},
  year={2016}
}
@inproceedings{guo2016b,
  title={A representation learning framework for multi-source transfer parsing},
  author={Guo, Jiang and Che, Wanxiang and Yarowsky, David and Wang, Haifeng and Liu, Ting},
  booktitle={Thirtieth AAAI Conference on Artificial Intelligence},
  year={2016}
}
@inproceedings{zhang2015,
    title = "Hierarchical Low-Rank Tensors for Multilingual Transfer Parsing",
    author = "Zhang, Yuan  and
      Barzilay, Regina",
    booktitle = "Proceedings of the 2015 Conference on Empirical Methods in Natural Language Processing",
    month = sep,
    year = "2015",
    address = "Lisbon, Portugal",
    publisher = "Association for Computational Linguistics",
    url = "https://www.aclweb.org/anthology/D15-1213",
    doi = "10.18653/v1/D15-1213",
    pages = "1857--1867",
}
@inproceedings{ahmad2019,
  title = {On Difficulties of Cross-Lingual Transfer with Order Differences: 
           A Case Study on Dependency Parsing},
  author = {Ahmad, Wasi Uddin and Zhang, Zhisong and Ma, Zuezhe and Hovy, 
            Eduard and Chang, Kai-Wei and Peng, Nanyun},
  booktitle = {Proceedings of the 2019 Conference of the North American Chapter of 
              the Association for Computational Linguistics: Human Language Technologies},
  year = {2019}
}
@article{ammar2016,
  title={Many languages, one parser},
  author={Ammar, Waleed and Mulcaire, George and Ballesteros, Miguel and Dyer, Chris and Smith, Noah A},
  journal={Transactions of the Association for Computational Linguistics},
  volume={4},
  pages={431--444},
  year={2016},
  publisher={MIT Press}
}
% ANNOTATION PROJECTION
@inproceedings{yarowsky2001,
  title={Inducing multilingual text analysis tools via robust projection across aligned corpora},
  author={Yarowsky, David and Ngai, Grace and Wicentowski, Richard},
  booktitle={Proceedings of the first international conference on Human language technology research},
  pages={1--8},
  year={2001},
  organization={Association for Computational Linguistics}
}
@ARTICLE{hwa2005,
    author = {Rebecca Hwa and Philip Resnik and Amy Weinberg and Clara Cabezas and Okan Kolak},
    title = {Bootstrapping Parsers via Syntactic Projection across Parallel Texts},
    journal = {Natural Language Engineering},
    year = {2005},
    volume = {11},
    pages = {11--311}
}
@InProceedings{rasooli2015a,
  author    = {Rasooli, Mohammad Sadegh  and  Collins, Michael},
  title     = {Density-Driven Cross-Lingual Transfer of Dependency Parsers},
  booktitle = {Proceedings of the 2015 Conference on Empirical Methods in Natural Language Processing},
  month     = {September},
  year      = {2015},
  address   = {Lisbon, Portugal},
  publisher = {Association for Computational Linguistics},
  pages     = {328--338},
  url       = {http://aclweb.org/anthology/D15-1039}
}
@InProceedings{lacroix2016,
  author    = {Lacroix, Oph\'{e}lie  and  Aufrant, Lauriane  and  Wisniewski, Guillaume  and  Yvon, Fran\c{c}ois},
  title     = {Frustratingly Easy Cross-Lingual Transfer for Transition-Based Dependency Parsing},
  booktitle = {Proceedings of the 2016 Conference of the North American Chapter of the Association for Computational Linguistics: Human Language Technologies},
  month     = {June},
  year      = {2016},
  address   = {San Diego, California},
  publisher = {Association for Computational Linguistics},
  pages     = {1058--1063},
  url       = {http://www.aclweb.org/anthology/N16-1121}
}
@InProceedings{ma2014,
  author    = {Ma, Xuezhe  and  Xia, Fei},
  title     = {Unsupervised Dependency Parsing with Transferring Distribution via Parallel Guidance and Entropy Regularization},
  booktitle = {Proceedings of the 52nd Annual Meeting of the Association for Computational Linguistics (Volume 1: Long Papers)},
  month     = {June},
  year      = {2014},
  address   = {Baltimore, Maryland},
  publisher = {Association for Computational Linguistics},
  pages     = {1337--1348},
  url       = {http://www.aclweb.org/anthology/P/P14/P14-1126}
}
@inproceedings{xiao2015,
  title={Annotation projection-based representation learning for cross-lingual dependency parsing},
  author={Xiao, Min and Guo, Yuhong},
  booktitle={Proceedings of the Nineteenth Conference on Computational Natural Language Learning},
  pages={73--82},
  year={2015}
}
@inproceedings{agic2015,
    title = "If all you have is a bit of the {B}ible: Learning {POS} taggers for truly low-resource languages",
    author = "Agi{\'c}, {\v{Z}}eljko  and
      Hovy, Dirk  and
      S{\o}gaard, Anders",
    booktitle = "Proceedings of the 53rd Annual Meeting of the Association for Computational Linguistics and the 7th International Joint Conference on Natural Language Processing (Volume 2: Short Papers)",
    month = jul,
    year = "2015",
    address = "Beijing, China",
    publisher = "Association for Computational Linguistics",
    url = "https://www.aclweb.org/anthology/P15-2044",
    doi = "10.3115/v1/P15-2044",
    pages = "268--272",
}
@article{agic2016,
    title = "Multilingual Projection for Parsing Truly Low-Resource Languages",
    author = "Agi{\'c}, {\v{Z}}eljko  and
      Johannsen, Anders  and
      Plank, Barbara  and
      Mart{\'\i}nez Alonso, H{\'e}ctor  and
      Schluter, Natalie  and
      S{\o}gaard, Anders",
    journal = "Transactions of the Association for Computational Linguistics",
    volume = "4",
    year = "2016",
    url = "https://www.aclweb.org/anthology/Q16-1022",
    doi = "10.1162/tacl_a_00100",
    pages = "301--312",
}
@article{rasooli2017,
  title={Cross-lingual syntactic transfer with limited resources},
  author={Rasooli, Mohammad Sadegh and Collins, Michael},
  journal={Transactions of the Association for Computational Linguistics},
  volume={5},
  pages={279--293},
  year={2017},
  publisher={MIT Press}
}
@article{rasooli2019,
   title={Low-Resource Syntactic Transfer with Unsupervised Source Reordering},
   url={http://dx.doi.org/10.18653/v1/n19-1385},
   DOI={10.18653/v1/n19-1385},
   journal={Proceedings of the 2019 Conference of the North},
   publisher={Association for Computational Linguistics},
   author={Rasooli, Mohammad Sadegh and Collins, Michael},
   year={2019}
}
% TREEBANK TRANSLATION
@article{tiedemann2016,
  author    = {J{\"{o}}rg Tiedemann and
               Zeljko Agic},
  title     = {Synthetic Treebanking for Cross-Lingual Dependency Parsing},
  journal   = {J. Artif. Intell. Res. {(JAIR)}},
  volume    = {55},
  pages     = {209--248},
  year      = {2016},
  url       = {http://dx.doi.org/10.1613/jair.4785},
  doi       = {10.1613/jair.4785},
  timestamp = {Thu, 11 Feb 2016 18:31:07 +0100},
  biburl    = {http://dblp.uni-trier.de/rec/bib/journals/jair/TiedemannA16},
  bibsource = {dblp computer science bibliography, http://dblp.org}
}
@inproceedings{tiedemann2014b,
  author    = {Tiedemann, J\"{o}rg},
  title     = {Rediscovering Annotation Projection for Cross-Lingual Parser Induction},
  booktitle = {Proceedings of COLING 2014, the 25th International Conference on Computational Linguistics: Technical Papers},
  month     = {August},
  year      = {2014},
  pages     = {1854--1864},
}
@InProceedings{tiedemann2014a,
  author    = {Tiedemann, J\"{o}rg  and  Agi\'{c}, \v{Z}eljko  and  Nivre, Joakim},
  title     = {Treebank Translation for Cross-Lingual Parser Induction},
  booktitle = {Proceedings of the Eighteenth Conference on Computational Natural Language Learning},
  month     = {June},
  year      = {2014},
  address   = {Ann Arbor, Michigan},
  publisher = {Association for Computational Linguistics},
  pages     = {130--140},
  url       = {http://www.aclweb.org/anthology/W/W14/W14-1614}
}
@InProceedings{tiedemann2015,
  author    = {Tiedemann, J\"{o}rg},
  title     = {Improving the Cross-Lingual Projection of Syntactic Dependencies},
  booktitle = {Proceedings of the 20th Nordic Conference of Computational Linguistics ({NODALIDA} 2015)},
  month     = {May},
  year      = {2015},
  address   = {Vilnius, Lithuania},
  publisher = {Link\"{o}ping University Electronic Press, Sweden},
  pages     = {191--199},
  url       = {http://www.aclweb.org/anthology/W15-1824}
}
@inproceedings{li2014,
  author    = {Zhenghua Li and
               Min Zhang and
               Wenliang Chen},
  title     = {Soft Cross-lingual Syntax Projection for Dependency Parsing},
  booktitle = {{COLING} 2014, 25th International Conference on Computational Linguistics,
               Proceedings of the Conference: Technical Papers, August 23-29, 2014,
               Dublin, Ireland},
  pages     = {783--793},
  year      = {2014},
  url       = {http://aclweb.org/anthology/C/C14/C14-1075.pdf},
  timestamp = {Mon, 06 Oct 2014 09:58:51 +0200},
  biburl    = {http://dblp.uni-trier.de/rec/bib/conf/coling/Li0C14},
  bibsource = {dblp computer science bibliography, http://dblp.org}
}
@inproceedings{cohen2011,
  title={Unsupervised structure prediction with non-parallel multilingual guidance},
  author={Cohen, Shay B and Das, Dipanjan and Smith, Noah A},
  booktitle={Proceedings of the Conference on Empirical Methods in Natural Language Processing},
  pages={50--61},
  year={2011},
  organization={Association for Computational Linguistics}
}
@inproceedings{ganchev2009,
  title={Dependency grammar induction via bitext projection constraints},
  author={Ganchev, Kuzman and Gillenwater, Jennifer and Taskar, Ben},
  booktitle={Proceedings of the Joint Conference of the 47th Annual Meeting of the ACL and the 4th International Joint Conference on Natural Language Processing of the AFNLP: Volume 1-Volume 1},
  pages={369--377},
  year={2009},
  organization={Association for Computational Linguistics}
}
@inproceedings{schlichtkrull2017,
  title={Cross-Lingual Dependency Parsing with Late Decoding for Truly Low-Resource Languages},
  author={Schlichtkrull, Michael and S{\o}gaard, Anders},
  booktitle={Proceedings of the 15th Conference of the European Chapter of the Association for Computational Linguistics: Volume 1, Long Papers},
  pages={220--229},
  year={2017}
}
@inproceedings{duong2015a,
    title = "A Neural Network Model for Low-Resource Universal Dependency Parsing",
    author = "Duong, Long  and
      Cohn, Trevor  and
      Bird, Steven  and
      Cook, Paul",
    booktitle = "Proceedings of the 2015 Conference on Empirical Methods in Natural Language Processing",
    month = sep,
    year = "2015",
    address = "Lisbon, Portugal",
    publisher = "Association for Computational Linguistics",
    url = "https://www.aclweb.org/anthology/D15-1040",
    doi = "10.18653/v1/D15-1040",
    pages = "339--348",
}
@inproceedings{duong2015b,
    title = "Cross-lingual Transfer for Unsupervised Dependency Parsing Without Parallel Data",
    author = "Duong, Long  and
      Cohn, Trevor  and
      Bird, Steven  and
      Cook, Paul",
    booktitle = "Proceedings of the Nineteenth Conference on Computational Natural Language Learning",
    month = jul,
    year = "2015",
    address = "Beijing, China",
    publisher = "Association for Computational Linguistics",
    url = "https://www.aclweb.org/anthology/K15-1012",
    doi = "10.18653/v1/K15-1012",
    pages = "113--122",
}
@inproceedings{duong2015c,
    title = "A Neural Network Model for Low-Resource Universal Dependency Parsing",
    author = "Duong, Long  and
      Cohn, Trevor  and
      Bird, Steven  and
      Cook, Paul",
    booktitle = "Proceedings of the 2015 Conference on Empirical Methods in Natural Language Processing",
    month = sep,
    year = "2015",
    address = "Lisbon, Portugal",
    publisher = "Association for Computational Linguistics",
    url = "https://www.aclweb.org/anthology/D15-1040",
    doi = "10.18653/v1/D15-1040",
    pages = "339--348",
}
@Book{haspelmath2005,
author = { Haspelmath, Martin},
title = { The world atlas of language structures / edited by Martin Haspelmath ... [et al.] },
isbn = { 0199255911 },
publisher = { Oxford University Press Oxford },
pages = { xv, 695 p. : },
year = { 2005 },
type = { Book },
language = { English },
life-dates = { 2005 -  },
catalogue-url = { http://nla.gov.au/nla.cat-vn3354701 },
}
@inproceedings{ma2018,
  title={Stack-Pointer Networks for Dependency Parsing},
  author={Ma, Xuezhe and Hu, Zecong and Liu, Jingzhou and Peng, Nanyun and Neubig, Graham and Hovy, Eduard},
  booktitle={Proceedings of the 56th Annual Meeting of the Association for Computational Linguistics (Volume 1: Long Papers)},
  pages={1403--1414},
  year={2018}
}
@inproceedings{rosa2015,
  title={Klcpos3-a language similarity measure for delexicalized parser transfer},
  author={Rosa, Rudolf and Zabokrtsky, Zdenek},
  booktitle={Proceedings of the 53rd Annual Meeting of the Association for Computational Linguistics and the 7th International Joint Conference on Natural Language Processing (Volume 2: Short Papers)},
  volume={2},
  pages={243--249},
  year={2015}
}
@inproceedings{rosa2015a,
    title = "{MSTP}arser Model Interpolation for Multi-Source Delexicalized Transfer",
    author = "Rosa, Rudolf  and
      {\v{Z}}abokrtsk{\'y}, Zden{\v{e}}k",
    booktitle = "Proceedings of the 14th International Conference on Parsing Technologies",
    month = jul,
    year = "2015",
    address = "Bilbao, Spain",
    publisher = "Association for Computational Linguistics",
    url = "https://www.aclweb.org/anthology/W15-2209",
    doi = "10.18653/v1/W15-2209",
    pages = "71--75",
}
@inproceedings{aufrant2016,
  author    = {Lauriane Aufrant and
               Guillaume Wisniewski and
               Fran{\c{c}}ois Yvon},
  title     = {Zero-resource Dependency Parsing: Boosting Delexicalized Cross-lingual
               Transfer with Linguistic Knowledge},
  booktitle = {{COLING} 2016, 26th International Conference on Computational Linguistics,
               Proceedings of the Conference: Technical Papers, December 11-16, 2016,
               Osaka, Japan},
  pages     = {119--130},
  year      = {2016},
  url       = {http://aclweb.org/anthology/C/C16/C16-1012.pdf},
  timestamp = {Thu, 15 Dec 2016 16:57:46 +0100},
  biburl    = {http://dblp2.uni-trier.de/rec/bib/conf/coling/AufrantWY16},
  bibsource = {dblp computer science bibliography, http://dblp.org}
}
@article{das2019,
 author = {Das, Ayan and Sarkar, Sudeshna},
 title = {Transform, Combine, and Transfer: Delexicalized Transfer Parser for Low-resource Languages},
 journal = {ACM Trans. Asian Low-Resour. Lang. Inf. Process.},
 issue_date = {July 2019},
 volume = {19},
 number = {1},
 month = jun,
 year = {2019},
 issn = {2375-4699},
 pages = {4:1--4:30},
 articleno = {4},
 numpages = {30},
 url = {http://doi.acm.org/10.1145/3325886},
 doi = {10.1145/3325886},
 acmid = {3325886},
 publisher = {ACM},
 address = {New York, NY, USA},
 keywords = {Transfer parsing, cross-lingual transfer parsing, delexicalization, dependency parsing, syntax},
}
@inproceedings{dozat2017,
    title = "{S}tanford{'}s Graph-based Neural Dependency Parser at the {C}o{NLL} 2017 Shared Task",
    author = "Dozat, Timothy  and
      Qi, Peng  and
      Manning, Christopher D.",
    booktitle = "Proceedings of the {C}o{NLL} 2017 Shared Task: Multilingual Parsing from Raw Text to Universal Dependencies",
    month = aug,
    year = "2017",
    address = "Vancouver, Canada",
    publisher = "Association for Computational Linguistics",
    url = "https://www.aclweb.org/anthology/K17-3002",
    doi = "10.18653/v1/K17-3002",
    pages = "20--30",
}
@inproceedings{naseem2012,
 author = {Naseem, Tahira and Barzilay, Regina and Globerson, Amir},
 title = {Selective Sharing for Multilingual Dependency Parsing},
 booktitle = {Proceedings of the 50th Annual Meeting of the Association for Computational Linguistics: Long Papers - Volume 1},
 series = {ACL '12},
 year = {2012},
 location = {Jeju Island, Korea},
 pages = {629--637},
 numpages = {9},
 url = {http://dl.acm.org/citation.cfm?id=2390524.2390613},
 acmid = {2390613},
 publisher = {Association for Computational Linguistics},
 address = {Stroudsburg, PA, USA},
}
@inproceedings{wang2018b,
  title={Synthetic Data Made to Order: The Case of Parsing},
  author={Wang, Dingquan and Eisner, Jason},
  booktitle={Proceedings of the 2018 Conference on Empirical Methods in Natural Language Processing},
  pages={1325--1337},
  year={2018}
}
@article{wang2018a,
    title = "Surface Statistics of an Unknown Language Indicate How to Parse It",
    author = "Wang, Dingquan  and
      Eisner, Jason",
    journal = "Transactions of the Association for Computational Linguistics",
    volume = "6",
    month = dec,
    year = "2018",
    url = "https://www.aclweb.org/anthology/Q18-1046",
    doi = "10.1162/tacl_a_00248",
    pages = "667--685"
}
@article{wang2016,
  title={The Galactic Dependencies treebanks: Getting more data by synthesizing new languages},
  author={Wang, Dingquan and Eisner, Jason},
  journal={Transactions of the Association for Computational Linguistics},
  volume={4},
  pages={491--505},
  year={2016},
  publisher={MIT Press}
}
@article{wang2017,
  title={Fine-grained prediction of syntactic typology: Discovering latent structure with supervised learning},
  author={Wang, Dingquan and Eisner, Jason},
  journal={Transactions of the Association for Computational Linguistics},
  volume={5},
  pages={147--161},
  year={2017},
  publisher={MIT Press}
}
@inproceedings{agic2017,
    title = "Cross-Lingual Parser Selection for Low-Resource Languages",
    author = "Agi{\'c}, {\v{Z}}eljko",
    booktitle = "Proceedings of the {N}o{D}a{L}i{D}a 2017 Workshop on Universal Dependencies ({UDW} 2017)",
    month = may,
    year = "2017",
    address = "Gothenburg, Sweden",
    publisher = "Association for Computational Linguistics",
    url = "https://www.aclweb.org/anthology/W17-0401",
    pages = "1--10",
}
@inproceedings{dimitrova1998,
    title = "Multext-East: Parallel and Comparable Corpora and Lexicons for Six Central and Eastern {E}uropean Languages",
    author = "Dimitrova, Ludmila  and
      Erjavec, Tomaz  and
      Ide, Nancy  and
      Kaalep, Heiki Jaan  and
      Petkevic, Vladimir  and
      Tufis, Dan",
    booktitle = "{COLING} 1998 Volume 1: The 17th International Conference on Computational Linguistics",
    year = "1998",
    url = "https://www.aclweb.org/anthology/C98-1049",
}
@article{erjavec2012,
 author = {Erjavec, Toma\v{z}},
 title = {MULTEXT-East: Morphosyntactic Resources for Central and Eastern European Languages},
 journal = {Lang. Resour. Eval.},
 issue_date = {March     2012},
 volume = {46},
 number = {1},
 month = mar,
 year = {2012},
 issn = {1574-020X},
 pages = {131--142},
 numpages = {12},
 url = {http://dx.doi.org/10.1007/s10579-011-9174-8},
 doi = {10.1007/s10579-011-9174-8},
 acmid = {2205768},
 publisher = {Springer-Verlag New York, Inc.},
 address = {Secaucus, NJ, USA},
 keywords = {Language encoding standards, Morphosyntactic annotation, Multilinguality},
}
@InProceedings{petrov2012,
  author = {Slav Petrov and Dipanjan Das and Ryan McDonald},
  title = {A Universal Part-of-Speech Tagset},
  booktitle = {Proceedings of the Eight International Conference on Language Resources and Evaluation (LREC'12)},
  year = {2012},
  month = {may},
  date = {23-25},
  address = {Istanbul, Turkey},
  editor = {Nicoletta Calzolari (Conference Chair) and Khalid Choukri and Thierry Declerck and Mehmet Uğur Doğan and Bente Maegaard and Joseph Mariani and Asuncion Moreno and Jan Odijk and Stelios Piperidis},
  publisher = {European Language Resources Association (ELRA)},
  isbn = {978-2-9517408-7-7},
  language = {english}
 }
@inproceedings{nivre2016,
  title = "Universal Dependencies: A Cross-Linguistic Perspective on Grammar and Lexicon",
    author = "Nivre, Joakim",
    booktitle = "Proceedings of the Workshop on Grammar and Lexicon: interactions and interfaces ({G}ram{L}ex)",
    month = dec,
    year = "2016",
    address = "Osaka, Japan",
    publisher = "The COLING 2016 Organizing Committee",
    url = "https://www.aclweb.org/anthology/W16-3806",
    pages = "38--40"
}
@inproceedings{ud,
  author    = {Nivre, Joakim and de Marneffe, Marie-Catherine and Ginter, Filip and Goldberg, Yoav and Haji{\v{c}}, Jan and Manning, Christopher and McDonald, Ryan and Petrov, Slav and Pyysalo, Sampo and Silveira, Natalia and Tsarfaty, Reut and Zeman, Daniel},
  year      = {2016},
  title     = {{Universal Dependencies} v1: A Multilingual Treebank Collection},
  booktitle = {Proceedings of the 10th International Conference on Language Resources and Evaluation ({LREC} 2016)},
  address   = {Portorož, Slovenia},
  publisher = {European Language Resources Association},
  pages     = {1659--1666},
  isbn      = {978-2-9517408-9-1}
}
@inproceedings{zeman2012,
    title = "{H}amle{DT}: To Parse or Not to Parse?",
    author = "Zeman, Daniel  and
      Mare{\v{c}}ek, David  and
      Popel, Martin  and
      Ramasamy, Loganathan  and
      {\v{S}}t{\v{e}}p{\'a}nek, Jan  and
      {\v{Z}}abokrtsk{\'y}, Zden{\v{e}}k  and
      Haji{\v{c}}, Jan",
    booktitle = "Proceedings of the Eighth International Conference on Language Resources and Evaluation ({LREC}-2012)",
    month = may,
    year = "2012",
    address = "Istanbul, Turkey",
    publisher = "European Languages Resources Association (ELRA)",
    url = "http://www.lrec-conf.org/proceedings/lrec2012/pdf/429_Paper.pdf",
    pages = "2735--2741",
}
@inproceedings{mcdonald2013,
    title = "Universal Dependency Annotation for Multilingual Parsing",
    author = {McDonald, Ryan  and
      Nivre, Joakim  and
      Quirmbach-Brundage, Yvonne  and
      Goldberg, Yoav  and
      Das, Dipanjan  and
      Ganchev, Kuzman  and
      Hall, Keith  and
      Petrov, Slav  and
      Zhang, Hao  and
      T{\"a}ckstr{\"o}m, Oscar  and
      Bedini, Claudia  and
      Bertomeu Castell{\'o}, N{\'u}ria  and
      Lee, Jungmee},
    booktitle = "Proceedings of the 51st Annual Meeting of the Association for Computational Linguistics (Volume 2: Short Papers)",
    month = aug,
    year = "2013",
    address = "Sofia, Bulgaria",
    publisher = "Association for Computational Linguistics",
    url = "https://www.aclweb.org/anthology/P13-2017",
    pages = "92--97",
}
@inproceedings{demarneffe2014,
    title = "Universal {S}tanford dependencies: A cross-linguistic typology",
    author = "de Marneffe, Marie-Catherine  and
      Dozat, Timothy  and
      Silveira, Natalia  and
      Haverinen, Katri  and
      Ginter, Filip  and
      Nivre, Joakim  and
      Manning, Christopher D.",
    booktitle = "Proceedings of the Ninth International Conference on Language Resources and Evaluation ({LREC}-2014)",
    month = may,
    year = "2014",
    address = "Reykjavik, Iceland",
    publisher = "European Languages Resources Association (ELRA)",
    url = "http://www.lrec-conf.org/proceedings/lrec2014/pdf/1062_Paper.pdf",
    pages = "4585--4592",
}
@inproceedings{demarneffe2006,
    title = "Generating Typed Dependency Parses from Phrase Structure Parses",
    author = "de Marneffe, Marie-Catherine  and
      MacCartney, Bill  and
      Manning, Christopher D.",
    booktitle = "Proceedings of the Fifth International Conference on Language Resources and Evaluation ({LREC}{'}06)",
    month = may,
    year = "2006",
    address = "Genoa, Italy",
    publisher = "European Language Resources Association (ELRA)",
    url = "http://www.lrec-conf.org/proceedings/lrec2006/pdf/440_pdf.pdf",
}
@inproceedings{demarneffe2008,
 author = {de Marneffe, Marie-Catherine and Manning, Christopher D.},
 title = {The Stanford Typed Dependencies Representation},
 booktitle = {Coling 2008: Proceedings of the Workshop on Cross-Framework and Cross-Domain Parser Evaluation},
 series = {CrossParser '08},
 year = {2008},
 isbn = {978-1-905593-50-7},
 location = {Manchester, United Kingdom},
 pages = {1--8},
 numpages = {8},
 url = {http://dl.acm.org/citation.cfm?id=1608858.1608859},
 acmid = {1608859},
 publisher = {Association for Computational Linguistics},
 address = {Stroudsburg, PA, USA},
}
@inproceedings{durrett2012,
    title = "Syntactic Transfer Using a Bilingual Lexicon",
    author = "Durrett, Greg  and
      Pauls, Adam  and
      Klein, Dan",
    booktitle = "Proceedings of the 2012 Joint Conference on Empirical Methods in Natural Language Processing and Computational Natural Language Learning",
    month = jul,
    year = "2012",
    address = "Jeju Island, Korea",
    publisher = "Association for Computational Linguistics",
    url = "https://www.aclweb.org/anthology/D12-1001",
    pages = "1--11",
}
@inproceedings{das2016a,
  title={Development of a Bengali parser by cross-lingual transfer from Hindi},
  author={Das, Ayan and Saha, Agnivo and Sarkar, Sudeshna},
  booktitle={Proceedings of the 6th Workshop on South and Southeast Asian Natural Language Processing (WSSANLP2016)},
  pages={33--43},
  year={2016}
}
@inproceedings{das2016b,
  title={Cross-lingual transfer parser from Hindi to Bengali using delexicalization and chunking},
  author={Das, Ayan and Saha, Agnivo and Sarkar, Sudeshna},
  booktitle={Proceedings of the 13th International Conference on Natural Language Processing},
  pages={99--108},
  year={2016}
}
@inproceedings{ponti2018,
    title = "Isomorphic Transfer of Syntactic Structures in Cross-Lingual {NLP}",
    author = "Ponti, Edoardo Maria  and
      Reichart, Roi  and
      Korhonen, Anna  and
      Vuli{\'c}, Ivan",
    booktitle = "Proceedings of the 56th Annual Meeting of the Association for Computational Linguistics (Volume 1: Long Papers)",
    month = jul,
    year = "2018",
    address = "Melbourne, Australia",
    publisher = "Association for Computational Linguistics",
    url = "https://www.aclweb.org/anthology/P18-1142",
    doi = "10.18653/v1/P18-1142",
    pages = "1531--1542",
}
@inproceedings{schuster2019,
    title = "Cross-Lingual Alignment of Contextual Word Embeddings, with Applications to Zero-shot Dependency Parsing",
    author = "Schuster, Tal  and
      Ram, Ori  and
      Barzilay, Regina  and
      Globerson, Amir",
    booktitle = "Proceedings of the 2019 Conference of the North {A}merican Chapter of the Association for Computational Linguistics: Human Language Technologies, Volume 1 (Long and Short Papers)",
    month = jun,
    year = "2019",
    address = "Minneapolis, Minnesota",
    publisher = "Association for Computational Linguistics",
    url = "https://www.aclweb.org/anthology/N19-1162",
    doi = "10.18653/v1/N19-1162",
    pages = "1599--1613",
}
@inproceedings{dehouck2017,
    title = "Delexicalized Word Embeddings for Cross-lingual Dependency Parsing",
    author = "Dehouck, Mathieu  and
      Denis, Pascal",
    booktitle = "Proceedings of the 15th Conference of the {E}uropean Chapter of the Association for Computational Linguistics: Volume 1, Long Papers",
    month = apr,
    year = "2017",
    address = "Valencia, Spain",
    publisher = "Association for Computational Linguistics",
    url = "https://www.aclweb.org/anthology/E17-1023",
    pages = "241--250",
}
@inproceedings{scholivet2019,
    title = "Typological Features for Multilingual Delexicalised Dependency Parsing",
    author = "Scholivet, Manon  and
      Dary, Franck  and
      Nasr, Alexis  and
      Favre, Benoit  and
      Ramisch, Carlos",
    booktitle = "Proceedings of the 2019 Conference of the North {A}merican Chapter of the Association for Computational Linguistics: Human Language Technologies, Volume 1 (Long and Short Papers)",
    month = jun,
    year = "2019",
    address = "Minneapolis, Minnesota",
    publisher = "Association for Computational Linguistics",
    url = "https://www.aclweb.org/anthology/N19-1393",
    doi = "10.18653/v1/N19-1393",
    pages = "3919--3930",
}
@inproceedings{lin2019,
    title = "Choosing Transfer Languages for Cross-Lingual Learning",
    author = "Lin, Yu-Hsiang  and
      Chen, Chian-Yu  and
      Lee, Jean  and
      Li, Zirui  and
      Zhang, Yuyan  and
      Xia, Mengzhou  and
      Rijhwani, Shruti  and
      He, Junxian  and
      Zhang, Zhisong  and
      Ma, Xuezhe  and
      Anastasopoulos, Antonios  and
      Littell, Patrick  and
      Neubig, Graham",
    booktitle = "Proceedings of the 57th Annual Meeting of the Association for Computational Linguistics",
    month = jul,
    year = "2019",
    address = "Florence, Italy",
    publisher = "Association for Computational Linguistics",
    url = "https://www.aclweb.org/anthology/P19-1301",
    pages = "3125--3135",
}
@inproceedings{he2019,
    title = "Cross-Lingual Syntactic Transfer through Unsupervised Adaptation of Invertible Projections",
    author = "He, Junxian  and
      Zhang, Zhisong  and
      Berg-Kirkpatrick, Taylor  and
      Neubig, Graham",
    booktitle = "Proceedings of the 57th Annual Meeting of the Association for Computational Linguistics",
    month = jul,
    year = "2019",
    address = "Florence, Italy",
    publisher = "Association for Computational Linguistics",
    url = "https://www.aclweb.org/anthology/P19-1311",
    pages = "3211--3223",
}
@inproceedings{zeman2016,
    title = "Planting Trees in the Desert: Delexicalized Tagging and Parsing Combined",
    author = "Zeman, Daniel  and
      Mare{\v{c}}ek, David  and
      Yu, Zhiwei  and
      {\v{Z}}abokrtsk{\'y}, Zden{\v{e}}k",
    booktitle = "Proceedings of the 30th Pacific Asia Conference on Language, Information and Computation: Oral Papers",
    month = oct,
    year = "2016",
    address = "Seoul, South Korea",
    url = "https://www.aclweb.org/anthology/Y16-2018",
    pages = "199--207",
}
@inproceedings{falenska2017,
    title = "Lexicalized vs. Delexicalized Parsing in Low-Resource Scenarios",
    author = {Falenska, Agnieszka  and
      {\c{C}}etino{\u{g}}lu, {\"O}zlem},
    booktitle = "Proceedings of the 15th International Conference on Parsing Technologies",
    month = sep,
    year = "2017",
    address = "Pisa, Italy",
    publisher = "Association for Computational Linguistics",
    url = "https://www.aclweb.org/anthology/W17-6303",
    pages = "18--24",
    abstract = "We present a systematic analysis of lexicalized vs. delexicalized parsing in low-resource scenarios, and propose a methodology to choose one method over another under certain conditions. We create a set of simulation experiments on 41 languages and apply our findings to 9 low-resource languages. Experimental results show that our methodology chooses the best approach in 8 out of 9 cases.",
}
@inproceedings{zhao2009,
    title = "Cross Language Dependency Parsing using a Bilingual Lexicon",
    author = "Zhao, Hai  and
      Song, Yan  and
      Kit, Chunyu  and
      Zhou, Guodong",
    booktitle = "Proceedings of the Joint Conference of the 47th Annual Meeting of the {ACL} and the 4th International Joint Conference on Natural Language Processing of the {AFNLP}",
    month = aug,
    year = "2009",
    address = "Suntec, Singapore",
    publisher = "Association for Computational Linguistics",
    url = "https://www.aclweb.org/anthology/P09-1007",
    pages = "55--63",
}
@inproceedings{shi2017,
  title={Combining global models for parsing universal dependencies},
  author={Shi, Tianze and Wu, Felix G and Chen, Xilun and Cheng, Yao},
  booktitle={Proceedings of the CoNLL 2017 Shared Task: Multilingual Parsing from Raw Text to Universal Dependencies},
  pages={31--39},
  year={2017}
}
@inproceedings{bjorkelund2017,
  title={IMS at the CoNLL 2017 UD shared task: CRFs and perceptrons meet neural networks},
  author={Bj{\"o}rkelund, Anders and Falenska, Agnieszka and Yu, Xiang and Kuhn, Jonas},
  booktitle={Proceedings of the CoNLL 2017 Shared Task: Multilingual Parsing from Raw Text to Universal Dependencies},
  pages={40--51},
  year={2017}
}
@inproceedings{das2017,
    title = "Delexicalized transfer parsing for low-resource languages using transformed and combined treebanks",
    author = "Das, Ayan  and
      Zaffar, Affan  and
      Sarkar, Sudeshna",
    booktitle = "Proceedings of the {C}o{NLL} 2017 Shared Task: Multilingual Parsing from Raw Text to Universal Dependencies",
    month = aug,
    year = "2017",
    address = "Vancouver, Canada",
    publisher = "Association for Computational Linguistics",
    url = "https://www.aclweb.org/anthology/K17-3019",
    doi = "10.18653/v1/K17-3019",
    pages = "182--190",
}
% ###################################### TRANSFER APPROACHES END HERE ###############################
@inproceedings{mcdonald2006,
    title = "Online Learning of Approximate Dependency Parsing Algorithms",
    author = "McDonald, Ryan  and
      Pereira, Fernando",
    booktitle = "11th Conference of the {E}uropean Chapter of the Association for Computational Linguistics",
    month = apr,
    year = "2006",
    address = "Trento, Italy",
    publisher = "Association for Computational Linguistics",
    url = "https://www.aclweb.org/anthology/E06-1011",
}
@inproceedings{koo2010,
    title = "Efficient Third-Order Dependency Parsers",
    author = "Koo, Terry  and
      Collins, Michael",
    booktitle = "Proceedings of the 48th Annual Meeting of the Association for Computational Linguistics",
    month = jul,
    year = "2010",
    address = "Uppsala, Sweden",
    publisher = "Association for Computational Linguistics",
    url = "https://www.aclweb.org/anthology/P10-1001",
    pages = "1--11",
}
@ARTICLE{schuster1997, 
author={M. {Schuster} and K. K. {Paliwal}}, 
journal={IEEE Transactions on Signal Processing}, 
title={Bidirectional recurrent neural networks}, 
year={1997}, 
volume={45}, 
number={11}, 
pages={2673-2681}, 
doi={10.1109/78.650093}, 
ISSN={1053-587X}, 
month={Nov}}
@article{hochreiter1997,
 author = {Hochreiter, Sepp and Schmidhuber, J\"{u}rgen},
 title = {Long Short-Term Memory},
 journal = {Neural Comput.},
 issue_date = {November 15, 1997},
 volume = {9},
 number = {8},
 month = nov,
 year = {1997},
 issn = {0899-7667},
 pages = {1735--1780},
 numpages = {46},
 url = {http://dx.doi.org/10.1162/neco.1997.9.8.1735},
 doi = {10.1162/neco.1997.9.8.1735},
 acmid = {1246450},
 publisher = {MIT Press},
 address = {Cambridge, MA, USA},
}
@ARTICLE{elman90,
    author = {Jeffrey L. Elman},
    title = {Finding structure in time},
    journal = {COGNITIVE SCIENCE},
    year = {1990},
    volume = {14},
    number = {2},
    pages = {179--211}
}
@incollection{vaswani2017,
title = {Attention is All you Need},
author = {Vaswani, Ashish and Shazeer, Noam and Parmar, Niki and Uszkoreit, Jakob and Jones, Llion and Gomez, Aidan N and Kaiser, \L ukasz and Polosukhin, Illia},
booktitle = {Advances in Neural Information Processing Systems 30},
editor = {I. Guyon and U. V. Luxburg and S. Bengio and H. Wallach and R. Fergus and S. Vishwanathan and R. Garnett},
pages = {5998--6008},
year = {2017},
publisher = {Curran Associates, Inc.},
url = {http://papers.nips.cc/paper/7181-attention-is-all-you-need.pdf}
}
@article{shaw2018,
  author    = {Peter Shaw and
               Jakob Uszkoreit and
               Ashish Vaswani},
  title     = {Self-Attention with Relative Position Representations},
  journal   = {CoRR},
  volume    = {abs/1803.02155},
  year      = {2018},
  url       = {http://arxiv.org/abs/1803.02155},
  archivePrefix = {arXiv},
  eprint    = {1803.02155},
  timestamp = {Mon, 13 Aug 2018 16:46:37 +0200},
  biburl    = {https://dblp.org/rec/bib/journals/corr/abs-1803-02155},
  bibsource = {dblp computer science bibliography, https://dblp.org}
}
@inproceedings{lui2012,
    title = "langid.py: An Off-the-shelf Language Identification Tool",
    author = "Lui, Marco  and
      Baldwin, Timothy",
    booktitle = "Proceedings of the {ACL} 2012 System Demonstrations",
    month = jul,
    year = "2012",
    address = "Jeju Island, Korea",
    publisher = "Association for Computational Linguistics",
    url = "https://www.aclweb.org/anthology/P12-3005",
    pages = "25--30",
}
@inproceedings{sharma2007,
  title={Anncorra : Treebanks for Indian languages, annotation guidelines (manuscript).},
  booktitle={Anncorra : Treebanks for Indian languages, annotation guidelines (manuscript).},
  author={Sharma, D.M. and Sangal R. and Bai, L. and Begam, R. and Ramakrishnamacharyulu, K. },
  year={2007}
}
@inproceedings{mikolov2013,
  title={Distributed representations of words and phrases and their compositionality},
  author={Mikolov, Tomas and Sutskever, Ilya and Chen, Kai and Corrado, Greg S and Dean, Jeff},
  booktitle={Advances in neural information processing systems},
  pages={3111--3119},
  year={2013}
}
@article{mikolov2013a,
  author    = {Tomas Mikolov and
               Quoc V. Le and
               Ilya Sutskever},
  title     = {Exploiting Similarities among Languages for Machine Translation},
  journal   = {CoRR},
  volume    = {abs/1309.4168},
  year      = {2013},
  url       = {http://arxiv.org/abs/1309.4168}
}
@inproceedings{smith2017,
  author    = {Samuel L. Smith and
               David H. P. Turban and
               Steven Hamblin and
               Nils Y. Hammerla},
  title     = {Offline bilingual word vectors, orthogonal transformations and the
               inverted softmax},
  booktitle = {5th International Conference on Learning Representations, {ICLR} 2017,
               Toulon, France, April 24-26, 2017, Conference Track Proceedings},
  year      = {2017},
  url       = {https://openreview.net/forum?id=r1Aab85gg},
  timestamp = {Thu, 25 Jul 2019 14:25:47 +0200},
  biburl    = {https://dblp.org/rec/bib/conf/iclr/SmithTHH17},
  bibsource = {dblp computer science bibliography, https://dblp.org}
}
@article{bojanowski2017,
  title={Enriching Word Vectors with Subword Information},
  author={Bojanowski, Piotr and Grave, Edouard and Joulin, Armand and Mikolov, Tomas},
  journal={Transactions of the Association for Computational Linguistics},
  volume={5},
  year={2017},
  issn={2307-387X},
  pages={135--146}
}
@inproceedings{udpipe,
  author    = {Straka, Milan and Haji\v{c}, Jan and Strakov\'{a}, Jana},
  year      = {2016},
  title     = {{UDPipe:} Trainable Pipeline for Processing {CoNLL-U} Files
      Performing Tokenization, Morphological Analysis, {POS} Tagging and Parsing},
  booktitle = {Proceedings of the 10th International Conference on Language Resources and Evaluation ({LREC} 2016)},
  address   = {Portorož, Slovenia},
  publisher = {European Language Resources Association},
  isbn      = {978-2-9517408-9-1}
}
@inproceedings{straka2015,
  title={Parsing universal dependency treebanks using neural networks and search-based oracle},
  author={Straka, Milan and Hajic, Jan and Strakov{\'a}, Jana and Hajic jr, Jan},
  year={2015},
  booktitle={International Workshop on Treebanks and Linguistic Theories (TLT14)},
  pages={208--220}
}
@inproceedings{sagae2006,
    title = "Parser Combination by Reparsing",
    author = "Sagae, Kenji  and
      Lavie, Alon",
    booktitle = "Proceedings of the Human Language Technology Conference of the {NAACL}, Companion Volume: Short Papers",
    month = jun,
    year = "2006",
    address = "New York City, USA",
    publisher = "Association for Computational Linguistics",
    url = "https://www.aclweb.org/anthology/N06-2033",
    pages = "129--132",
}
@inproceedings{che2017,
    title = "The {HIT}-{SCIR} System for End-to-End Parsing of Universal Dependencies",
    author = "Che, Wanxiang  and
      Guo, Jiang  and
      Wang, Yuxuan  and
      Zheng, Bo  and
      Zhao, Huaipeng  and
      Liu, Yang  and
      Teng, Dechuan  and
      Liu, Ting",
    booktitle = "Proceedings of the {C}o{NLL} 2017 Shared Task: Multilingual Parsing from Raw Text to Universal Dependencies",
    month = aug,
    year = "2017",
    address = "Vancouver, Canada",
    publisher = "Association for Computational Linguistics",
    url = "https://www.aclweb.org/anthology/K17-3005",
    doi = "10.18653/v1/K17-3005",
    pages = "52--62",
}
@article{edmonds1968,
  title={Optimum branchings},
  author={Edmonds, Jack},
  journal={Mathematics and the Decision Sciences, Part},
  volume={1},
  pages={335--345},
  year={1968}
}
@inproceedings{uszkoreit2008,
  title={Distributed word clustering for large scale class-based language modeling in machine translation},
  author={Uszkoreit, Jakob and Brants, Thorsten},
  booktitle={Proceedings of ACL-08: HLT},
  pages={755--762},
  year={2008}
}
### PARSER MODELS ###
@inproceedings{charniak2005,
 author = {Charniak, Eugene and Johnson, Mark},
 title = {Coarse-to-fine N-best Parsing and MaxEnt Discriminative Reranking},
 booktitle = {Proceedings of the 43rd Annual Meeting on Association for Computational Linguistics},
 series = {ACL '05},
 year = {2005},
 location = {Ann Arbor, Michigan},
 pages = {173--180},
 numpages = {8},
 url = {https://doi.org/10.3115/1219840.1219862},
 doi = {10.3115/1219840.1219862},
 acmid = {1219862},
 publisher = {Association for Computational Linguistics},
 address = {Stroudsburg, PA, USA},
}
@inproceedings{charniak2000,
 author = {Charniak, Eugene},
 title = {A Maximum-entropy-inspired Parser},
 booktitle = {Proceedings of the 1st North American Chapter of the Association for Computational Linguistics Conference},
 series = {NAACL 2000},
 year = {2000},
 location = {Seattle, Washington},
 pages = {132--139},
 numpages = {8},
 url = {http://dl.acm.org/citation.cfm?id=974305.974323},
 acmid = {974323},
 publisher = {Association for Computational Linguistics},
 address = {Stroudsburg, PA, USA},
}
@inproceedings{mcdonald2005,
  title={Online large-margin training of dependency parsers},
  author={McDonald, Ryan and Crammer, Koby and Pereira, Fernando},
  booktitle={Proceedings of the 43rd Annual Meeting of the Association for Computational Linguistics (ACL’05)},
  pages={91--98},
  year={2005}
}
@article{nivre2008,
    title = "Algorithms for Deterministic Incremental Dependency Parsing",
    author = "Nivre, Joakim",
    journal = "Computational Linguistics",
    volume = "34",
    number = "4",
    year = "2008",
    url = "https://www.aclweb.org/anthology/J08-4003",
    doi = "10.1162/coli.07-056-R1-07-027",
    pages = "513--553",
}
@inproceedings{goldberg2010,
 author = {Goldberg, Yoav and Elhadad, Michael},
 title = {An Efficient Algorithm for Easy-first Non-directional Dependency Parsing},
 booktitle = {Human Language Technologies: The 2010 Annual Conference of the North American Chapter of the Association for Computational Linguistics},
 series = {HLT '10},
 year = {2010},
 isbn = {1-932432-65-5},
 location = {Los Angeles, California},
 pages = {742--750},
 numpages = {9},
 url = {http://dl.acm.org/citation.cfm?id=1857999.1858114},
 acmid = {1858114},
 publisher = {Association for Computational Linguistics},
 address = {Stroudsburg, PA, USA},
}
@article{aufrant2016a,
  title={PanParser: a Modular Implementation for Efficient Transition-Based Dependency Parsing},
  author={Lauriane Aufrant and Guillaume Wisniewski},
  journal={Prague Bull. Math. Linguistics},
  year={2016},
  volume={111},
  pages={57-86}
}
@inproceedings{mstperl2012,
  booktitle = {Proceedings of Sixth Workshop on Syntax, Semantics and Structure in Statistical Translation ({SSST}-6), {ACL}},
  title = {Using Parallel Features in Parsing of Machine-Translated Sentences for Correction of Grammatical Errors},
  author = {Rudolf Rosa and Ond{\v{r}}ej Du{\v{s}}ek and David Mare{\v{c}}ek and Martin Popel},
  year = {2012},
  publisher = {Association for Computational Linguistics},
  address = {Jeju, Korea},
  venue = {Jeju, Korea},
  pages = {39--48},
  isbn = {978-1-937284-38-1},
  url = {http://hdl.handle.net/11858/00-097C-0000-0023-7AEB-4},
}
@inproceedings{lei2014,
    title = "Low-Rank Tensors for Scoring Dependency Structures",
    author = "Lei, Tao  and
      Xin, Yu  and
      Zhang, Yuan  and
      Barzilay, Regina  and
      Jaakkola, Tommi",
    booktitle = "Proceedings of the 52nd Annual Meeting of the Association for Computational Linguistics (Volume 1: Long Papers)",
    month = jun,
    year = "2014",
    address = "Baltimore, Maryland",
    publisher = "Association for Computational Linguistics",
    url = "https://www.aclweb.org/anthology/P14-1130",
    doi = "10.3115/v1/P14-1130",
    pages = "1381--1391",
}
@inproceedings{chen2014,
  title={A fast and accurate dependency parser using neural networks},
  author={Chen, Danqi and Manning, Christopher},
  booktitle={Proceedings of the 2014 conference on empirical methods in natural language processing (EMNLP)},
  pages={740--750},
  year={2014}
}
@article{dyer2015,
  title={Transition-based dependency parsing with stack long short-term memory},
  author={Dyer, Chris and Ballesteros, Miguel and Ling, Wang and Matthews, Austin and Smith, Noah A},
  journal={arXiv preprint arXiv:1505.08075},
  year={2015}
}
@article{dozat2016,
  author    = {Timothy Dozat and
               Christopher D. Manning},
  title     = {Deep Biaffine Attention for Neural Dependency Parsing},
  journal   = {CoRR},
  volume    = {abs/1611.01734},
  year      = {2016},
  url       = {http://arxiv.org/abs/1611.01734},
  archivePrefix = {arXiv},
  eprint    = {1611.01734},
  timestamp = {Mon, 13 Aug 2018 16:47:51 +0200},
  biburl    = {https://dblp.org/rec/bib/journals/corr/DozatM16},
  bibsource = {dblp computer science bibliography, https://dblp.org}
}
@inproceedings{attardi2007,
    title = "Multilingual Dependency Parsing and Domain Adaptation using {D}e{SR}",
    author = "Attardi, Giuseppe  and
      Dell{'}Orletta, Felice  and
      Simi, Maria  and
      Chanev, Atanas  and
      Ciaramita, Massimiliano",
    booktitle = "Proceedings of the 2007 Joint Conference on Empirical Methods in Natural Language Processing and Computational Natural Language Learning ({EMNLP}-{C}o{NLL})",
    month = jun,
    year = "2007",
    address = "Prague, Czech Republic",
    publisher = "Association for Computational Linguistics",
    url = "https://www.aclweb.org/anthology/D07-1119",
    pages = "1112--1118",
}
@article{andor2016,
  title={Globally normalized transition-based neural networks},
  author={Andor, Daniel and Alberti, Chris and Weiss, David and Severyn, Aliaksei and Presta, Alessandro and Ganchev, Kuzman and Petrov, Slav and Collins, Michael},
  journal={arXiv preprint arXiv:1603.06042},
  year={2016}
}
@inproceedings{bohnet2010,
 author = {Bohnet, Bernd},
 title = {Very High Accuracy and Fast Dependency Parsing is Not a Contradiction},
 booktitle = {Proceedings of the 23rd International Conference on Computational Linguistics},
 series = {COLING '10},
 year = {2010},
 location = {Beijing, China},
 pages = {89--97},
 numpages = {9},
 url = {http://dl.acm.org/citation.cfm?id=1873781.1873792},
 acmid = {1873792},
 publisher = {Association for Computational Linguistics},
 address = {Stroudsburg, PA, USA},
}
@article{shi2009,
  title={Hash kernels for structured data},
  author={Shi, Qinfeng and Petterson, James and Dror, Gideon and Langford, John and Smola, Alex and Vishwanathan, SVN},
  journal={Journal of Machine Learning Research},
  volume={10},
  number={Nov},
  pages={2615--2637},
  year={2009}
}
@inproceedings{carreras2007,
    title = "Experiments with a Higher-Order Projective Dependency Parser",
    author = "Carreras, Xavier",
    booktitle = "Proceedings of the 2007 Joint Conference on Empirical Methods in Natural Language Processing and Computational Natural Language Learning ({EMNLP}-{C}o{NLL})",
    month = jun,
    year = "2007",
    address = "Prague, Czech Republic",
    publisher = "Association for Computational Linguistics",
    url = "https://www.aclweb.org/anthology/D07-1101",
    pages = "957--961",
}
@misc{rasooli2015b,
    title={Yara Parser: A Fast and Accurate Dependency Parser},
    author={Mohammad Sadegh Rasooli and Joel Tetreault},
    year={2015},
    eprint={1503.06733},
    archivePrefix={arXiv},
    primaryClass={cs.CL}
}
@inproceedings{peters2018,
  title={Dissecting Contextual Word Embeddings: Architecture and Representation},
  author={Peters, Matthew and Neumann, Mark and Zettlemoyer, Luke and Yih, Wen-tau},
  booktitle={Proceedings of the 2018 Conference on Empirical Methods in Natural Language Processing},
  pages={1499--1509},
  year={2018}
}
@inproceedings{devlin2019,
    title = "{BERT}: Pre-training of Deep Bidirectional Transformers for Language Understanding",
    author = "Devlin, Jacob  and
      Chang, Ming-Wei  and
      Lee, Kenton  and
      Toutanova, Kristina",
    booktitle = "Proceedings of the 2019 Conference of the North {A}merican Chapter of the Association for Computational Linguistics: Human Language Technologies, Volume 1 (Long and Short Papers)",
    month = "June",
    year = "2019",
    address = "Minneapolis, Minnesota",
    publisher = "Association for Computational Linguistics",
    url = "https://www.aclweb.org/anthology/N19-1423",
    doi = "10.18653/v1/N19-1423",
    pages = "4171--4186",
}
@inproceedings{lample2018,
title={Word translation without parallel data},
author={Guillaume Lample and Alexis Conneau and Marc'Aurelio Ranzato and Ludovic Denoyer and Hervé Jégou},
booktitle={International Conference on Learning Representations},
year={2018},
url={https://openreview.net/forum?id=H196sainb},
}
@inproceedings{kondratyuk2019,
  author={Daniel Kondratyuk and Milan Straka},
  title={75 Languages, 1 Model: Parsing Universal Dependencies Universally},
 booktitle={Proceedings of the 2019 conference on empirical methods in natural language processing (EMNLP)},
 month={November},
  year={2019},
  address={Hong Kong, China},
}
@inproceedings{vania2019,
  author={Clara Vania and Yova Kementchedjhieva and Anders Søgaard and Adam Lopez},
  title={A systematic comparison of methods for low-resource dependency parsing on genuinely low-resource languages},
 booktitle={Proceedings of the 2019 conference on empirical methods in natural language processing (EMNLP)},
 month={November},
  year={2019},
  address={Hong Kong, China},
}
@inproceedings{meng2019,
  author={Tao Meng and Nanyun Peng and Kai-Wei Chang},
  title={Target Language-Aware Constrained Inference for Cross-lingual Dependency Parsing},
 booktitle={Proceedings of the 2019 conference on empirical methods in natural language processing (EMNLP)},
 month={November},
  year={2019},
  address={Hong Kong, China},
}
@inproceedings{he2018,
  title={Unsupervised Learning of Syntactic Structure with Invertible Neural Projections},
  author={He, Junxian and Neubig, Graham and Berg-Kirkpatrick, Taylor},
  booktitle={Proceedings of the 2018 Conference on Empirical Methods in Natural Language Processing},
  pages={1292--1302},
  year={2018}
}
@article{kiperwasser2016,
  title={Simple and accurate dependency parsing using bidirectional LSTM feature representations},
  author={Kiperwasser, Eliyahu and Goldberg, Yoav},
  journal={Transactions of the Association for Computational Linguistics},
  volume={4},
  pages={313--327},
  year={2016},
  publisher={MIT Press}
}
@INPROCEEDINGS{covington2001,
    author = {Michael A. Covington},
    title = {A fundamental algorithm for dependency parsing},
    booktitle = {In Proceedings of the 39th Annual ACM Southeast Conference},
    year = {2001},
    pages = {95--102}
}
@inproceedings{nivre2003,
    title = "An Efficient Algorithm for Projective Dependency Parsing",
    author = "Nivre, Joakim",
    booktitle = "Proceedings of the Eighth International Conference on Parsing Technologies",
    month = apr,
    year = "2003",
    address = "Nancy, France",
    url = "https://www.aclweb.org/anthology/W03-3017",
    pages = "149--160",
}
@inproceedings{huang2010,
    title = "Dynamic Programming for Linear-Time Incremental Parsing",
    author = "Huang, Liang  and
      Sagae, Kenji",
    booktitle = "Proceedings of the 48th Annual Meeting of the Association for Computational Linguistics",
    month = jul,
    year = "2010",
    address = "Uppsala, Sweden",
    publisher = "Association for Computational Linguistics",
    url = "https://www.aclweb.org/anthology/P10-1110",
    pages = "1077--1086",
}

@inproceedings{nivre2004a,
 author = {Nivre, Joakim},
 title = {Incrementality in Deterministic Dependency Parsing},
 booktitle = {Proceedings of the Workshop on Incremental Parsing: Bringing Engineering and Cognition Together},
 series = {IncrementParsing '04},
 year = {2004},
 location = {Barcelona, Spain},
 pages = {50--57},
 numpages = {8},
 url = {http://dl.acm.org/citation.cfm?id=1613148.1613156},
 acmid = {1613156},
 publisher = {Association for Computational Linguistics},
 address = {Stroudsburg, PA, USA},
}
@TECHREPORT{nivre2005,
    author = {Joakim Nivre},
    title = {Dependency grammar and dependency parsing},
    institution = {Växjö University},
    year = {2005}
}
@inproceedings{nivre2005a,
 author = {Nivre, Joakim and Nilsson, Jens},
 title = {Pseudo-projective Dependency Parsing},
 booktitle = {Proceedings of the 43rd Annual Meeting on Association for Computational Linguistics},
 series = {ACL '05},
 year = {2005},
 location = {Ann Arbor, Michigan},
 pages = {99--106},
 numpages = {8},
 url = {https://doi.org/10.3115/1219840.1219853},
 doi = {10.3115/1219840.1219853},
 acmid = {1219853},
 publisher = {Association for Computational Linguistics},
 address = {Stroudsburg, PA, USA},
}
@inproceedings{kuhlmann2011,
 author = {Kuhlmann, Marco and G\'{o}mez-Rodr\'{\i}guez, Carlos and Satta, Giorgio},
 title = {Dynamic Programming Algorithms for Transition-based Dependency Parsers},
 booktitle = {Proceedings of the 49th Annual Meeting of the Association for Computational Linguistics: Human Language Technologies - Volume 1},
 series = {HLT '11},
 year = {2011},
 isbn = {978-1-932432-87-9},
 location = {Portland, Oregon},
 pages = {673--682},
 numpages = {10},
 url = {http://dl.acm.org/citation.cfm?id=2002472.2002558},
 acmid = {2002558},
 publisher = {Association for Computational Linguistics},
 address = {Stroudsburg, PA, USA},
}
@inproceedings{bjorkelund2015,
  title={Non-deterministic oracles for unrestricted non-projective transition-based dependency parsing},
  author={Bj{\"o}rkelund, Anders and Nivre, Joakim},
  booktitle={Proceedings of the 14th International Conference on Parsing Technologies},
  pages={76--86},
  year={2015}
}
@inproceedings{nivre2009a,
  title={Non-projective dependency parsing in expected linear time},
  author={Nivre, Joakim},
  booktitle={Proceedings of the Joint Conference of the 47th Annual Meeting of the ACL and the 4th International Joint Conference on Natural Language Processing of the AFNLP: Volume 1-Volume 1},
  pages={351--359},
  year={2009},
  organization={Association for Computational Linguistics}
}
@inproceedings{zhang2008,
  title={A tale of two parsers: investigating and combining graph-based and transition-based dependency parsing using beam-search},
  author={Zhang, Yue and Clark, Stephen},
  booktitle={Proceedings of the Conference on Empirical Methods in Natural Language Processing},
  pages={562--571},
  year={2008},
  organization={Association for Computational Linguistics}
}
@inproceedings{zhang2011,
  title={Transition-based dependency parsing with rich non-local features},
  author={Zhang, Yue and Nivre, Joakim},
  booktitle={Proceedings of the 49th Annual Meeting of the Association for Computational Linguistics: Human Language Technologies: short papers-Volume 2},
  pages={188--193},
  year={2011},
  organization={Association for Computational Linguistics}
}
@INPROCEEDINGS{mcdonald2005a,
    author = {Ryan Mcdonald and Fernando Pereira and Kiril Ribarov and Jan Hajič},
    title = {Non-projective dependency parsing using spanning tree algorithms},
    booktitle = {In Proceedings of HLT Conference and Conference on EMNLP},
    year = {2005},
    pages = {523--530}
}
@article{chu1965,
    author = {Chu, Y. J. and Liu, T. H.},
    citeulike-article-id = {9967064},
    journal = {Science Sinica},
    posted-at = {2011-10-30 17:02:14},
    priority = {0},
    title = {{On the shortest arborescence of a directed graph}},
    volume = {14},
    year = {1965}
}
@inproceedings{eisner1996,
  title={Three New Probabilistic Models for Dependency Parsing: An Exploration},
  author={Eisner, Jason M},
  booktitle={COLING 1996 Volume 1: The 16th International Conference on Computational Linguistics},
  volume={1},
  year={1996}
}
@inproceedings{ma2012,
    title = "Fourth-Order Dependency Parsing",
    author = "Ma, Xuezhe  and
      Zhao, Hai",
    booktitle = "Proceedings of {COLING} 2012: Posters",
    month = dec,
    year = "2012",
    address = "Mumbai, India",
    publisher = "The COLING 2012 Organizing Committee",
    url = "https://www.aclweb.org/anthology/C12-2077",
    pages = "785--796",
}
@inproceedings{martins2013,
    title = "Turning on the Turbo: Fast Third-Order Non-Projective Turbo Parsers",
    author = "Martins, Andr{\'e}  and
      Almeida, Miguel  and
      Smith, Noah A.",
    booktitle = "Proceedings of the 51st Annual Meeting of the Association for Computational Linguistics (Volume 2: Short Papers)",
    month = aug,
    year = "2013",
    address = "Sofia, Bulgaria",
    publisher = "Association for Computational Linguistics",
    url = "https://www.aclweb.org/anthology/P13-2109",
    pages = "617--622",
}
@inproceedings{ma2017,
    title = "Neural Probabilistic Model for Non-projective {MST} Parsing",
    author = "Ma, Xuezhe  and
      Hovy, Eduard",
    booktitle = "Proceedings of the Eighth International Joint Conference on Natural Language Processing (Volume 1: Long Papers)",
    month = nov,
    year = "2017",
    address = "Taipei, Taiwan",
    publisher = "Asian Federation of Natural Language Processing",
    url = "https://www.aclweb.org/anthology/I17-1007",
    pages = "59--69",
}
@inproceedings{he2013,
    title = "Dynamic Feature Selection for Dependency Parsing",
    author = "He, He  and
      Daum{\'e} III, Hal  and
      Eisner, Jason",
    booktitle = "Proceedings of the 2013 Conference on Empirical Methods in Natural Language Processing",
    month = oct,
    year = "2013",
    address = "Seattle, Washington, USA",
    publisher = "Association for Computational Linguistics",
    url = "https://www.aclweb.org/anthology/D13-1152",
    pages = "1455--1464",
}
@inproceedings{nivre2006,
    title = "{M}alt{P}arser: A Data-Driven Parser-Generator for Dependency Parsing",
    author = "Nivre, Joakim  and
      Hall, Johan  and
      Nilsson, Jens",
    booktitle = "Proceedings of the Fifth International Conference on Language Resources and Evaluation ({LREC}{'}06)",
    month = may,
    year = "2006",
    address = "Genoa, Italy",
    publisher = "European Language Resources Association (ELRA)",
    url = "http://www.lrec-conf.org/proceedings/lrec2006/pdf/162_pdf.pdf",
}
@inproceedings{goldberg2012,
  title={A dynamic oracle for arc-eager dependency parsing},
  author={Goldberg, Yoav and Nivre, Joakim},
  booktitle={Proceedings of COLING 2012},
  pages={959--976},
  year={2012}
}
@article{weiss2015,
  title={Structured training for neural network transition-based parsing},
  author={Weiss, David and Alberti, Chris and Collins, Michael and Petrov, Slav},
  journal={arXiv preprint arXiv:1506.06158},
  year={2015}
}
inproceedings{smith2018,
    title = "82 Treebanks, 34 Models: Universal Dependency Parsing with Multi-Treebank Models",
    author = "Smith, Aaron  and
      Bohnet, Bernd  and
      de Lhoneux, Miryam  and
      Nivre, Joakim  and
      Shao, Yan  and
      Stymne, Sara",
    booktitle = "Proceedings of the {C}o{NLL} 2018 Shared Task: Multilingual Parsing from Raw Text to Universal Dependencies",
    month = oct,
    year = "2018",
    address = "Brussels, Belgium",
    publisher = "Association for Computational Linguistics",
    url = "https://www.aclweb.org/anthology/K18-2011",
    doi = "10.18653/v1/K18-2011",
    pages = "113--123",
}
@article{bahdanau2014,
  title={Neural machine translation by jointly learning to align and translate},
  author={Bahdanau, Dzmitry and Cho, Kyunghyun and Bengio, Yoshua},
  journal={arXiv preprint arXiv:1409.0473},
  year={2014}
}
@article{wen2015,
  title={Semantically conditioned lstm-based natural language generation for spoken dialogue systems},
  author={Wen, Tsung-Hsien and Gasic, Milica and Mrksic, Nikola and Su, Pei-Hao and Vandyke, David and Young, Steve},
  journal={arXiv preprint arXiv:1508.01745},
  year={2015}
}
@inproceedings{cho2014,
    title = "Learning Phrase Representations using {RNN} Encoder{--}Decoder for Statistical Machine Translation",
    author = {Cho, Kyunghyun  and
      van Merri{\"e}nboer, Bart  and
      Gulcehre, Caglar  and
      Bahdanau, Dzmitry  and
      Bougares, Fethi  and
      Schwenk, Holger  and
      Bengio, Yoshua},
    booktitle = "Proceedings of the 2014 Conference on Empirical Methods in Natural Language Processing ({EMNLP})",
    month = oct,
    year = "2014",
    address = "Doha, Qatar",
    publisher = "Association for Computational Linguistics",
    url = "https://www.aclweb.org/anthology/D14-1179",
    doi = "10.3115/v1/D14-1179",
    pages = "1724--1734",
}
@inproceedings{johansson2008,
  title={Dependency-based semantic role labeling of PropBank},
  author={Johansson, Richard and Nugues, Pierre},
  booktitle={Proceedings of the Conference on Empirical Methods in Natural Language Processing},
  pages={69--78},
  year={2008},
  organization={Association for Computational Linguistics}
}
@inproceedings{das2010,
 author = {Das, Dipanjan and Schneider, Nathan and Chen, Desai and Smith, Noah A.},
 title = {Probabilistic Frame-semantic Parsing},
 booktitle = {Human Language Technologies: The 2010 Annual Conference of the North American Chapter of the Association for Computational Linguistics},
 series = {HLT '10},
 year = {2010},
 isbn = {1-932432-65-5},
 location = {Los Angeles, California},
 pages = {948--956},
 numpages = {9},
 url = {http://dl.acm.org/citation.cfm?id=1857999.1858136},
 acmid = {1858136},
 publisher = {Association for Computational Linguistics},
 address = {Stroudsburg, PA, USA},
}
@inproceedings{strubell2018,
  title={Linguistically-Informed Self-Attention for Semantic Role Labeling},
  author={Strubell, Emma and Verga, Patrick and Andor, Daniel and Weiss, David and McCallum, Andrew},
  booktitle={Proceedings of the 2018 Conference on Empirical Methods in Natural Language Processing},
  pages={5027--5038},
  year={2018}
}
@inproceedings{cui2005,
  title={Question answering passage retrieval using dependency relations},
  author={Cui, Hang and Sun, Renxu and Li, Keya and Kan, Min-Yen and Chua, Tat-Seng},
  booktitle={Proceedings of the 28th annual international ACM SIGIR conference on Research and development in information retrieval},
  pages={400--407},
  year={2005},
  organization={ACM}
}
@inproceedings{wang2010,
 author = {Wang, Mengqiu and Manning, Christopher D.},
 title = {Probabilistic Tree-edit Models with Structured Latent Variables for Textual Entailment and Question Answering},
 booktitle = {Proceedings of the 23rd International Conference on Computational Linguistics},
 series = {COLING '10},
 year = {2010},
 location = {Beijing, China},
 pages = {1164--1172},
 numpages = {9},
 url = {http://dl.acm.org/citation.cfm?id=1873781.1873912},
 acmid = {1873912},
 publisher = {Association for Computational Linguistics},
 address = {Stroudsburg, PA, USA},
}
@article{surdeanu2011,
  title={Learning to rank answers to non-factoid questions from web collections},
  author={Surdeanu, Mihai and Ciaramita, Massimiliano and Zaragoza, Hugo},
  journal={Computational linguistics},
  volume={37},
  number={2},
  pages={351--383},
  year={2011},
  publisher={MIT Press}
}
@inproceedings{quirk2006,
  title={The impact of parse quality on syntactically-informed statistical machine translation},
  author={Quirk, Chris and Corston-Oliver, Simon},
  booktitle={Proceedings of the 2006 Conference on Empirical Methods in Natural Language Processing},
  pages={62--69},
  year={2006}
}
@inproceedings{klein2004,
    title = "Corpus-Based Induction of Syntactic Structure: Models of Dependency and Constituency",
    author = "Klein, Dan  and
      Manning, Christopher",
    booktitle = "Proceedings of the 42nd Annual Meeting of the Association for Computational Linguistics ({ACL}-04)",
    month = jul,
    year = "2004",
    address = "Barcelona, Spain",
    url = "https://www.aclweb.org/anthology/P04-1061",
    doi = "10.3115/1218955.1219016",
    pages = "478--485",
}
@inproceedings{delaclergerie2017,
    title = "The {P}aris{NLP} entry at the {C}on{LL} {UD} Shared Task 2017: A Tale of a {\#}{P}arsing{T}ragedy",
    author = "de La Clergerie, {\'E}ric  and
      Sagot, Beno{\^\i}t  and
      Seddah, Djam{\'e}",
    booktitle = "Proceedings of the {C}o{NLL} 2017 Shared Task: Multilingual Parsing from Raw Text to Universal Dependencies",
    month = aug,
    year = "2017",
    address = "Vancouver, Canada",
    publisher = "Association for Computational Linguistics",
    url = "https://www.aclweb.org/anthology/K17-3026",
    doi = "10.18653/v1/K17-3026",
    pages = "243--252",
}
@inproceedings{vania2017,
    title = "{UP}arse: the {E}dinburgh system for the {C}o{NLL} 2017 {UD} shared task",
    author = "Vania, Clara  and
      Zhang, Xingxing  and
      Lopez, Adam",
    booktitle = "Proceedings of the {C}o{NLL} 2017 Shared Task: Multilingual Parsing from Raw Text to Universal Dependencies",
    month = aug,
    year = "2017",
    address = "Vancouver, Canada",
    publisher = "Association for Computational Linguistics",
    url = "https://www.aclweb.org/anthology/K17-3010",
    doi = "10.18653/v1/K17-3010",
    pages = "100--110",
}
@inproceedings{aufrant2017,
    title = "LIMSI@CoNLL{'}17: UD Shared Task",
    author = "Aufrant, Lauriane  and
      Wisniewski, Guillaume  and
      Yvon, Fran{\c{c}}ois",
    booktitle = "Proceedings of the {C}o{NLL} 2017 Shared Task: Multilingual Parsing from Raw Text to Universal Dependencies",
    month = aug,
    year = "2017",
    address = "Vancouver, Canada",
    publisher = "Association for Computational Linguistics",
    url = "https://www.aclweb.org/anthology/K17-3017",
    doi = "10.18653/v1/K17-3017",
    pages = "163--173",
}
@inproceedings{kirnap2017,
    title = "Parsing with Context Embeddings",
    author = {K{\i}rnap, {\"O}mer  and
      {\"O}nder, Berkay Furkan  and
      Yuret, Deniz},
    booktitle = "Proceedings of the {C}o{NLL} 2017 Shared Task: Multilingual Parsing from Raw Text to Universal Dependencies",
    month = aug,
    year = "2017",
    address = "Vancouver, Canada",
    publisher = "Association for Computational Linguistics",
    url = "https://www.aclweb.org/anthology/K17-3008",
    doi = "10.18653/v1/K17-3008",
    pages = "80--87",
}
@inproceedings{heinecke2017,
    title = "Multi-Model and Crosslingual Dependency Analysis",
    author = "Heinecke, Johannes  and
      Asadullah, Munshi",
    booktitle = "Proceedings of the {C}o{NLL} 2017 Shared Task: Multilingual Parsing from Raw Text to Universal Dependencies",
    month = aug,
    year = "2017",
    address = "Vancouver, Canada",
    publisher = "Association for Computational Linguistics",
    url = "https://www.aclweb.org/anthology/K17-3011",
    doi = "10.18653/v1/K17-3011",
    pages = "111--118",
}
@inproceedings{tai2015,
    title = "Improved Semantic Representations From Tree-Structured Long Short-Term Memory Networks",
    author = "Tai, Kai Sheng  and
      Socher, Richard  and
      Manning, Christopher D.",
    booktitle = "Proceedings of the 53rd Annual Meeting of the Association for Computational Linguistics and the 7th International Joint Conference on Natural Language Processing (Volume 1: Long Papers)",
    month = jul,
    year = "2015",
    address = "Beijing, China",
    publisher = "Association for Computational Linguistics",
    url = "https://www.aclweb.org/anthology/P15-1150",
    doi = "10.3115/v1/P15-1150",
    pages = "1556--1566",
}
@inproceedings{das2019a,
    title = "A little perturbation makes a difference: Treebank augmentation by perturbation improves transfer parsing",
    author = "Das, Ayan  and
      Sarkar, Sudeshna",
    booktitle = "16th International Conference on Natural Language Processing",
    month = dec,
    year = "2019",
    address = "Hyderabad, India",
    pages = "",
}
@article{baker1979,
  title={Trainable grammars for speech recognition},
  author={Baker, James K},
  journal={The Journal of the Acoustical Society of America},
  volume={65},
  number={S1},
  pages={S132--S132},
  year={1979},
  publisher={ASA}
}
@InProceedings{zeman2017,
  author    = {Zeman, Daniel  and  Popel, Martin  and  Straka, Milan  and  Hajic, Jan  and  Nivre, Joakim  and  Ginter, Filip  and  Luotolahti, Juhani  and  Pyysalo, Sampo  and  Petrov, Slav  and  Potthast, Martin  and  Tyers, Francis  and  Badmaeva, Elena  and  Gokirmak, Memduh  and  Nedoluzhko, Anna  and  Cinkova, Silvie  and  Hajic jr., Jan  and  Hlavacova, Jaroslava  and  Kettnerov\'{a}, V\'{a}clava  and  Uresova, Zdenka  and  Kanerva, Jenna  and  Ojala, Stina  and  Missil\"{a}, Anna  and  Manning, Christopher D.  and  Schuster, Sebastian  and  Reddy, Siva  and  Taji, Dima  and  Habash, Nizar  and  Leung, Herman  and  de Marneffe, Marie-Catherine  and  Sanguinetti, Manuela  and  Simi, Maria  and  Kanayama, Hiroshi  and  dePaiva, Valeria  and  Droganova, Kira  and  Mart\'{i}nez Alonso, H\'{e}ctor  and  \c{C}\"{o}ltekin, \c{C}a\u{g}rı  and  Sulubacak, Umut  and  Uszkoreit, Hans  and  Macketanz, Vivien  and  Burchardt, Aljoscha  and  Harris, Kim  and  Marheinecke, Katrin  and  Rehm, Georg  and  Kayadelen, Tolga  and  Attia, Mohammed  and  Elkahky, Ali  and  Yu, Zhuoran  and  Pitler, Emily  and  Lertpradit, Saran  and  Mandl, Michael  and  Kirchner, Jesse  and  Alcalde, Hector Fernandez  and  Strnadov\'{a}, Jana  and  Banerjee, Esha  and  Manurung, Ruli  and  Stella, Antonio  and  Shimada, Atsuko  and  Kwak, Sookyoung  and  Mendonca, Gustavo  and  Lando, Tatiana  and  Nitisaroj, Rattima  and  Li, Josie},
  title     = {CoNLL 2017 Shared Task: Multilingual Parsing from Raw Text to Universal Dependencies},
  booktitle = {Proceedings of the CoNLL 2017 Shared Task: Multilingual Parsing from Raw Text to Universal Dependencies},
  month     = {August},
  year      = {2017},
  address   = {Vancouver, Canada},
  publisher = {Association for Computational Linguistics},
  pages     = {1--19},
  url       = {http://www.aclweb.org/anthology/K/K17/K17-3001.pdf}
}
@inproceedings{faruqui2014,
    title = "Improving Vector Space Word Representations Using Multilingual Correlation",
    author = "Faruqui, Manaal  and
      Dyer, Chris",
    booktitle = "Proceedings of the 14th Conference of the {E}uropean Chapter of the Association for Computational Linguistics",
    month = apr,
    year = "2014",
    address = "Gothenburg, Sweden",
    publisher = "Association for Computational Linguistics",
    url = "https://www.aclweb.org/anthology/E14-1049",
    doi = "10.3115/v1/E14-1049",
    pages = "462--471",
}
@inproceedings{rosa2018,
    title = "{CUNI} x-ling: Parsing Under-Resourced Languages in {C}o{NLL} 2018 {UD} Shared Task",
    author = "Rosa, Rudolf  and
      Mare{\v{c}}ek, David",
    booktitle = "Proceedings of the {C}o{NLL} 2018 Shared Task: Multilingual Parsing from Raw Text to Universal Dependencies",
    month = oct,
    year = "2018",
    address = "Brussels, Belgium",
    publisher = "Association for Computational Linguistics",
    url = "https://www.aclweb.org/anthology/K18-2019",
    doi = "10.18653/v1/K18-2019",
    pages = "187--196",
}
@inproceedings{duthoo2018,
    title = "{CEA} {LIST}: Processing Low-Resource Languages for {C}o{NLL} 2018",
    author = "Duthoo, Elie  and
      Mesnard, Olivier",
    booktitle = "Proceedings of the {C}o{NLL} 2018 Shared Task: Multilingual Parsing from Raw Text to Universal Dependencies",
    month = oct,
    year = "2018",
    address = "Brussels, Belgium",
    publisher = "Association for Computational Linguistics",
    url = "https://www.aclweb.org/anthology/K18-2003",
    doi = "10.18653/v1/K18-2003",
    pages = "34--44",
}
@inproceedings{che2018,
    title = "Towards Better {UD} Parsing: Deep Contextualized Word Embeddings, Ensemble, and Treebank Concatenation",
    author = "Che, Wanxiang  and
      Liu, Yijia  and
      Wang, Yuxuan  and
      Zheng, Bo  and
      Liu, Ting",
    booktitle = "Proceedings of the {C}o{NLL} 2018 Shared Task: Multilingual Parsing from Raw Text to Universal Dependencies",
    month = oct,
    year = "2018",
    address = "Brussels, Belgium",
    publisher = "Association for Computational Linguistics",
    url = "https://www.aclweb.org/anthology/K18-2005",
    doi = "10.18653/v1/K18-2005",
    pages = "55--64",
}
@inproceedings{kanerva2018,
    title = "{T}urku Neural Parser Pipeline: An End-to-End System for the {C}o{NLL} 2018 Shared Task",
    author = "Kanerva, Jenna  and
      Ginter, Filip  and
      Miekka, Niko  and
      Leino, Akseli  and
      Salakoski, Tapio",
    booktitle = "Proceedings of the {C}o{NLL} 2018 Shared Task: Multilingual Parsing from Raw Text to Universal Dependencies",
    month = oct,
    year = "2018",
    address = "Brussels, Belgium",
    publisher = "Association for Computational Linguistics",
    url = "https://www.aclweb.org/anthology/K18-2013",
    doi = "10.18653/v1/K18-2013",
    pages = "133--142",
}
@inproceedings{wan2018,
    title = "{IBM} Research at the {C}o{NLL} 2018 Shared Task on Multilingual Parsing",
    author = "Wan, Hui  and
      Naseem, Tahira  and
      Lee, Young-Suk  and
      Castelli, Vittorio  and
      Ballesteros, Miguel",
    booktitle = "Proceedings of the {C}o{NLL} 2018 Shared Task: Multilingual Parsing from Raw Text to Universal Dependencies",
    month = oct,
    year = "2018",
    address = "Brussels, Belgium",
    publisher = "Association for Computational Linguistics",
    url = "https://www.aclweb.org/anthology/K18-2009",
    doi = "10.18653/v1/K18-2009",
    pages = "92--102",
}
@inproceedings{straka2018,
    title = "{UDP}ipe 2.0 Prototype at {C}o{NLL} 2018 {UD} Shared Task",
    author = "Straka, Milan",
    booktitle = "Proceedings of the {C}o{NLL} 2018 Shared Task: Multilingual Parsing from Raw Text to Universal Dependencies",
    month = oct,
    year = "2018",
    address = "Brussels, Belgium",
    publisher = "Association for Computational Linguistics",
    url = "https://www.aclweb.org/anthology/K18-2020",
    doi = "10.18653/v1/K18-2020",
    pages = "197--207",
}
@inproceedings{ji2018,
    title = "{A}nt{NLP} at {C}o{NLL} 2018 Shared Task: A Graph-Based Parser for Universal Dependency Parsing",
    author = "Ji, Tao  and
      Liu, Yufang  and
      Wang, Yijun  and
      Wu, Yuanbin  and
      Lan, Man",
    booktitle = "Proceedings of the {C}o{NLL} 2018 Shared Task: Multilingual Parsing from Raw Text to Universal Dependencies",
    month = oct,
    year = "2018",
    address = "Brussels, Belgium",
    publisher = "Association for Computational Linguistics",
    url = "https://www.aclweb.org/anthology/K18-2025",
    doi = "10.18653/v1/K18-2025",
    pages = "248--255",
}
@inproceedings{bhat2018,
    title = "The {SLT}-Interactions Parsing System at the {C}o{NLL} 2018 Shared Task",
    author = "Bhat, Riyaz A.  and
      Bhat, Irshad  and
      Bangalore, Srinivas",
    booktitle = "Proceedings of the {C}o{NLL} 2018 Shared Task: Multilingual Parsing from Raw Text to Universal Dependencies",
    month = oct,
    year = "2018",
    address = "Brussels, Belgium",
    publisher = "Association for Computational Linguistics",
    url = "https://www.aclweb.org/anthology/K18-2015",
    doi = "10.18653/v1/K18-2015",
    pages = "153--159",
}
@inproceedings{qi2018,
    title = "Universal Dependency Parsing from Scratch",
    author = "Qi, Peng  and
      Dozat, Timothy  and
      Zhang, Yuhao  and
      Manning, Christopher D.",
    booktitle = "Proceedings of the {C}o{NLL} 2018 Shared Task: Multilingual Parsing from Raw Text to Universal Dependencies",
    month = oct,
    year = "2018",
    address = "Brussels, Belgium",
    publisher = "Association for Computational Linguistics",
    url = "https://www.aclweb.org/anthology/K18-2016",
    doi = "10.18653/v1/K18-2016",
    pages = "160--170",
}
@inproceedings{lim2018,
    title = "{SE}x {B}i{ST}: A Multi-Source Trainable Parser with Deep Contextualized Lexical Representations",
    author = "Lim, KyungTae  and
      Park, Cheoneum  and
      Lee, Changki  and
      Poibeau, Thierry",
    booktitle = "Proceedings of the {C}o{NLL} 2018 Shared Task: Multilingual Parsing from Raw Text to Universal Dependencies",
    month = oct,
    year = "2018",
    address = "Brussels, Belgium",
    publisher = "Association for Computational Linguistics",
    url = "https://www.aclweb.org/anthology/K18-2014",
    doi = "10.18653/v1/K18-2014",
    pages = "143--152",
}
@inproceedings{rybak2018,
    title = "Semi-Supervised Neural System for Tagging, Parsing and Lematization",
    author = "Rybak, Piotr  and
      Wr{\'o}blewska, Alina",
    booktitle = "Proceedings of the {C}o{NLL} 2018 Shared Task: Multilingual Parsing from Raw Text to Universal Dependencies",
    month = oct,
    year = "2018",
    address = "Brussels, Belgium",
    publisher = "Association for Computational Linguistics",
    url = "https://www.aclweb.org/anthology/K18-2004",
    doi = "10.18653/v1/K18-2004",
    pages = "45--54",
}
@inproceedings{kirnap2018,
    title = "Tree-Stack {LSTM} in Transition Based Dependency Parsing",
    author = {K{\i}rnap, {\"O}mer  and
      Dayan{\i}k, Erenay  and
      Yuret, Deniz},
    booktitle = "Proceedings of the {C}o{NLL} 2018 Shared Task: Multilingual Parsing from Raw Text to Universal Dependencies",
    month = oct,
    year = "2018",
    address = "Brussels, Belgium",
    publisher = "Association for Computational Linguistics",
    url = "https://www.aclweb.org/anthology/K18-2012",
    doi = "10.18653/v1/K18-2012",
    pages = "124--132",
}
@article{peh1996,
  author    = {Li{-}Shiuan Peh and
               Christopher Ting Hian Ann},
  title     = {A Divide-and-Conquer Strategy for Parsing},
  journal   = {CoRR},
  volume    = {cmp-lg/9607020},
  year      = {1996},
  url       = {http://arxiv.org/abs/cmp-lg/9607020},
  timestamp = {Mon, 05 Dec 2011 18:05:23 +0100}
}
@inproceedings{artetxe2018,
title={Unsupervised Neural Machine Translation},
author={Mikel Artetxe and Gorka Labaka and Eneko Agirre and Kyunghyun Cho},
booktitle={International Conference on Learning Representations},
year={2018},
url={https://openreview.net/forum?id=Sy2ogebAW},
}
@inproceedings{dai2015,
  title={Semi-supervised sequence learning},
  author={Dai, Andrew M and Le, Quoc V},
  booktitle={Advances in neural information processing systems},
  pages={3079--3087},
  year={2015}
}
@article{hill2016,
  title={Learning distributed representations of sentences from unlabelled data},
  author={Hill, Felix and Cho, Kyunghyun and Korhonen, Anna},
  journal={arXiv preprint arXiv:1602.03483},
  year={2016}
}
@article{kosaraju2010,
  title={Experiments on Indian language dependency parsing},
  author={Kosaraju, Prudhvi and Kesidi, Sruthilaya Reddy and Ainavolu, Vinay Bhargav Reddy and Kukkadapu, Puneeth},
  journal={Proceedings of the ICON10 NLP Tools Contest: Indian Language Dependency Parsing},
  year={2010}
}
@InProceedings{kosaraju2012,
  author    = {Kosaraju, Prudhvi  and  Ambati, Bharat Ram  and  Husain, Samar  and  Sharma, Dipti Misra  and  Sangal, Rajeev},
  title     = {Intra-Chunk Dependency Annotation : Expanding Hindi Inter-Chunk Annotated Treebank},
  booktitle = {Proceedings of the Sixth Linguistic Annotation Workshop},
  month     = {July},
  year      = {2012},
  address   = {Jeju, Republic of Korea},
  publisher = {Association for Computational Linguistics},
  pages     = {49--56},
  url       = {http://www.aclweb.org/anthology/W12-3607}
}
@InProceedings{bharati2009a,
  author    = {Bharati, Akshar  and  Gupta, Mridul  and  Yadav, Vineet  and  Gali, Karthik  and  Sharma, Dipti Misra},
  title     = {Simple Parser for Indian Languages in a Dependency Framework},
  booktitle = {Proceedings of the Third Linguistic Annotation Workshop},
  month     = {August},
  year      = {2009},
  address   = {Suntec, Singapore},
  publisher = {Association for Computational Linguistics},
  pages     = {162--165},
  url       = {http://www.aclweb.org/anthology/W/W09/W09-3030}
}
@inproceedings{bhat2017,
    title = "Leveraging Newswire Treebanks for Parsing Conversational Data with Argument Scrambling",
    author = "Bhat, Riyaz A.  and
      Bhat, Irshad  and
      Sharma, Dipti",
    booktitle = "Proceedings of the 15th International Conference on Parsing Technologies",
    month = sep,
    year = "2017",
    address = "Pisa, Italy",
    publisher = "Association for Computational Linguistics",
    url = "https://www.aclweb.org/anthology/W17-6309",
    pages = "61--66",
}
@InProceedings{saha2016,
author="Saha, Agnivo
and Sarkar, Sudeshna",
editor="Gelbukh, Alexander",
title="Enhancing Neural Network Based Dependency Parsing Using Morphological Information for Hindi",
booktitle="Computational Linguistics and Intelligent Text Processing",
year="2018",
publisher="Springer International Publishing",
address="Cham",
pages="366--377",
isbn="978-3-319-75477-2"
}
@article{kosaraju2010,
  title={Experiments on Indian language dependency parsing},
  author={Kosaraju, Prudhvi and Kesidi, Sruthilaya Reddy and Ainavolu, Vinay Bhargav Reddy and Kukkadapu, Puneeth},
  journal={Proceedings of the ICON10 NLP Tools Contest: Indian Language Dependency Parsing},
  year={2010}
}
@MISC{dandapat2004,
    author = {S. Dandapat  and S. Sarkar and A. Basu},
    title = {A Hybrid Model for Part-of-Speech Tagging and its Application to Bengali},
    year = {2004},
    publisher = {International conference on computational intelligence},
    pages = {169-172},
}
@INPROCEEDINGS{bhattacharya2005,
    author = {Samit Bhattacharya and Monojit Choudhury and Sudeshna Sarkar and Anupam Basu},
    title = {Inflectional morphology synthesis for Bengali noun, pronoun and verb systems},
    booktitle = {In Proceedings of the national conference on computer processing of Bangla (NCCPB},
    year = {2005},
    pages = {34--43}
}
@InProceedings{bharati2009b,
author    = {Akshar Bharati and Samar Husain and Meher Vijay and Kalyan Deepak and Dipti Misra Sharma and Rajeev Sangal},
title     = {Constraint Based Hybrid Approach to Parsing Indian Languages},
booktitle = {Proceedings of the 23rd PACLIC},
year      = {2009},
month     = {December},
address   = {Hong Kong},
publisher = {City University of Hong Kong},
pages     = {614--621},
url       = {http://www.aclweb.org/anthology/Y09-2020}
}
@InProceedings{chatterji2012,
  author    = {Chatterji, Sanjay  and  Dhar, Arnad  and  Sarkar, Sudeshna  and  Basu, Anupam},
  title     = {A Three Stage Hybrid Parser for Hindi},
  booktitle = {Proceedings of the Workshop on MTPIL},
  month     = {December},
  year      = {2012},
  address   = {Mumbai, India},
  publisher = {The COLING 2012 Organizing Committee},
  pages     = {155--162},
  url       = {http://www.aclweb.org/anthology/W12-5616}
}
@InProceedings{ambati2010b,
  author    = {Ambati, Bharat Ram  and  Husain, Samar  and  Jain, Sambhav  and  Sharma, Dipti Misra  and  Sangal, Rajeev},
  title     = {Two Methods to Incorporate `Local Morphosyntactic' Features in {H}indi Dependency Parsing},
  booktitle = {Proceedings of the NAACL HLT 2010 First Workshop on SPMRL},
  month     = {June},
  year      = {2010},
  address   = {Los Angeles, CA, USA},
  publisher = {Association for Computational Linguistics},
  pages     = {22--30},
  url       = {http://www.aclweb.org/anthology/W10-1403}
}
@inproceedings{bhatt2009a,
 author = {Bhatt, Rajesh and Narasimhan, Bhuvana and Palmer, Martha and Rambow, Owen and Sharma, Dipti Misra and Xia, Fei},
 title = {A Multi-representational and Multi-layered Treebank for Hindi/Urdu},
 booktitle = {Proceedings of the Third Linguistic Annotation Workshop},
 series = {ACL-IJCNLP '09},
 year = {2009},
 isbn = {978-1-932432-52-7},
 location = {Suntec, Singapore},
 pages = {186--189},
 numpages = {4},
 url = {http://dl.acm.org/citation.cfm?id=1698381.1698417},
 acmid = {1698417},
 publisher = {Association for Computational Linguistics},
 address = {Stroudsburg, PA, USA},
}
@article{ambati2011,
  title={Error detection for treebank validation},
  author={Ambati, Bharat Ram and Agarwal, Rahul and Gupta, Mridul and Husain, Samar and Sharma, Dipti Misra},
  journal={Asian Language Resources collocated with IJCNLP 2011},
  pages={23},
  year={2011}
}
@inproceedings{vaidya2014,
  title={Light verb constructions with ‘do’and ‘be’in Hindi: A TAG analysis},
  author={Vaidya, Ashwini and Rambow, Owen and Palmer, Martha},
  booktitle={Workshop on Lexical and Grammatical Resources for Language Processing},
  pages={127},
  year={2014}
}
@inproceedings{bhatt2012,
  title={Challenges in converting between treebanks: a case study from the hutb},
  author={Bhatt, Rajesh and Xia, Fei},
  booktitle={META-RESEARCH Workshop on Advanced Treebanking},
  pages={53},
  year={2012}
}
@inproceedings{ghosh2009,
  title={Dependency Parser for Bengali: the JU System at ICON 2009 },
  author={Ghosh, Aniruddha and Bhaskar, Pinaki and Das, Amitava and Bandyopadhyay, Sivaji},
  booktitle={Proc. of 6th ICON tool contest: Indian Language Dependency Parsing},
  pages={7--11},
  year={2009}
}
@article{chatterji2009,
  title={Grammar driven rules for hybrid Bengali dependency parsing},
  author={Chatterji, Sanjay and Sonare, Praveen and Sarkar, Sudeshna and Roy, Devshri},
  journal={Proceedings of ICON09 NLP Tools Contest: Indian Language Dependency Parsing, Hyderabad, India},
  year={2009}
}
@article{mannem2009,
  title={Bidirectional Dependency Parser for Hindi, Telugu and Bangla},
  author={Mannem, Prashanth},
  journal={Proceedings of ICON09 NLP Tools Contest: Indian Language Dependency Parsing, Hyderabad, India},
  year={2009}
}
@inproceedings{de2009,
  title={Structure Simplification and Demand Satisfaction Approach to Dependency Parsing for Bangla},
  author={De, Sankar and Dhar, Arnab and Garain, Utpal},
  booktitle={Proc. of 6th ICON tool contest: Indian Language Dependency Parsing},
  pages={25--31},
  year={2009}
}
@InProceedings{garain2012,
  author    = {Das, Arjun  and  Shee, Arabinda  and  Garain, Utpal},
  title     = {Evaluation of Two Bengali Dependency Parsers},
  booktitle = {Proceedings of the Workshop on MTPIL},
  month     = {December},
  year      = {2012},
  address   = {Mumbai, India},
  publisher = {The COLING 2012 Organizing Committee},
  pages     = {133--142},
  url       = {http://www.aclweb.org/anthology/W12-5613}
}
@misc{das2020,
    title={Improving cross-lingual model transfer by chunking},
    author={Ayan Das and Sudeshna Sarkar},
    year={2020},
    eprint={2002.12097},
    archivePrefix={arXiv},
    primaryClass={cs.CL}
}