@inproceedings{ASDataSet,
 author = {Leskovec, Jure and Kleinberg, Jon and Faloutsos, Christos},
 title = {Graphs over Time: Densification Laws, Shrinking Diameters and Possible Explanations},
 booktitle = {ACM SIGKDD},
 year = {2005},
 pages = {177--187},
 numpages = {11},
}

@inproceedings{stockhammer2011dynamic,
  title={Dynamic adaptive streaming over {HTTP}--: standards and design principles},
  author={Stockhammer, Thomas},
  booktitle={ACM MMSys},
  pages={133--144},
  year={2011},
}

@inproceedings{huysegems2015http,
  title={{HTTP/2}-based methods to improve the live experience of adaptive streaming},
  author={Huysegems, Rafael and Van Der Hooft, Jeroen and Bostoen, Tom and Rondao Alface, Patrice and Petrangeli, Stefano and Wauters, Tim and De Turck, Filip},
  booktitle={23rd ACM MM},
  pages={541--550},
  year={2015},
}

@inproceedings{pires2015youtube,
  title={{YouTube} live and {Twitch}: a tour of user-generated live streaming systems},
  author={Pires, Karine and Simon, Gwendal},
  booktitle={ACM MMSys},
  pages={225--230},
  year={2015}
}

@inproceedings{roverso2015smoothcache,
  title={{SmoothCache} 2.0: {CDN}-quality adaptive {HTTP} live streaming on peer-to-peer overlays},
  author={Roverso, Roberto and Reale, Riccardo and El-Ansary, Sameh and Haridi, Seif},
  booktitle={ACM MMSys},
  pages={61--72},
  year={2015}
}

@article{merani2016adaptive,
  title={Adaptive streaming in {P2P} live video systems: A distributed rate control approach},
  author={Merani, Maria Luisa and Natali, Laura},
  journal={ACM TOMM},
  volume={12},
  number={3},
  pages={46},
  year={2016}
}

@inproceedings{pellicone2017game,
  title={The Game of Performing Play: Understanding streaming as cultural production},
  author={Pellicone, Anthony J and Ahn, June},
  booktitle={ACM CHI},
  pages={4863--4874},
  year={2017}
}

@inproceedings{weisz2007watching,
  title={Watching together: integrating text chat with video},
  author={Weisz, Justin D and Kiesler, Sara and Zhang, Hui and Ren, Yuqing and Kraut, Robert E and Konstan, Joseph A},
  booktitle={ACM CHI},
  pages={877--886},
  year={2007}
}


@inproceedings{hamilton2014streaming,
  title={Streaming on twitch: fostering participatory communities of play within live mixed media},
  author={Hamilton, William A and Garretson, Oliver and Kerne, Andruid},
  booktitle={ACM CHI},
  pages={1315--1324},
  year={2014}
}

@inproceedings{Pensieve,
	address = {New York, USA},
	author = {Mao, Hongzi and Netravali, Ravi and Alizadeh, Mohammad},
	booktitle = {ACM SIGCOMM},
	title = {{Neural Adaptive Video Streaming with Pensieve}},
	year = {2017}
}


@InProceedings{ac3-mniha16,
	title = 	 {Asynchronous Methods for Deep Reinforcement Learning},
	author = 	 {Volodymyr Mnih and Adria Puigdomenech Badia and Mehdi Mirza and Alex Graves and Timothy Lillicrap and Tim Harley and David Silver and Koray Kavukcuoglu},
	booktitle = 	 {ICML},
	pages = 	 {1928--1937},
	year = 	 {2016},
}

@inproceedings{dataset-norway,
	author = {Riiser, Haakon and Vigmostad, Paul and Griwodz, Carsten and Halvorsen, P{\aa}l},
	title = {Commute Path Bandwidth Traces from {3G} Networks: Analysis and Applications},
	booktitle = {ACM MMSys},
	year = {2013},
	pages = {114--118},
} 

@misc{dataset-fcc,
	author = {Federal Communications Commission},
	title = {{Raw Data - Measuring Broadband America - Eighth Report}},
	howpublished = "\url{https://www.fcc.gov/reports-research/reports/measuring-broadband-america/raw-data-measuring-broadband-america-eighth}",
	year = {2018}, 
	note = "[Online; accessed 29-March-2019]"
}

@inproceedings {mahimahi,
	author = {Ravi Netravali and Anirudh Sivaraman and Somak Das and Ameesh Goyal and Keith Winstein and James Mickens and Hari Balakrishnan},
	title = {Mahimahi: Accurate Record-and-Replay for {HTTP}},
	booktitle = {USENIX ATC},
	year = {2015},
	pages = {417--429}
}

@book{hagan1996neural,
	title={Neural network design},
	author={Hagan, Martin T and Demuth, Howard B and Beale, Mark H and De Jes{\'u}s, Orlando},
	volume={20},
	year={1996},
	publisher={Pws Pub. Boston}
}

@inproceedings{sengupta2018hotdash,
	title={HotDASH: Hotspot Aware Adaptive Video Streaming Using Deep Reinforcement Learning},
	author={Sengupta, Satadal and Ganguly, Niloy and Chakraborty, Sandip and De, Pradipta},
	booktitle={IEEE ICNP},
	pages={165--175},
	year={2018}
}

@inproceedings{jain1999throughput,
	title={Throughput fairness index: An explanation},
	author={Jain, Raj and Durresi, Arjan and Babic, Gojko},
	booktitle={ATM Forum contribution},
	volume={99},
	number={45},
	year={1999}
}

 BibTeX | EndNote | ACM Ref

@inproceedings{bola2-acm-mmsys2018,
	author = {Spiteri, Kevin and Sitaraman, Ramesh and Sparacio, Daniel},
	title = {From Theory to Practice: Improving Bitrate Adaptation in the {DASH} Reference Player},
	booktitle = {ACM MMSys},
	year = {2018},
	pages = {123--137}
} 

@INPROCEEDINGS{bola1-infocom-2016,
	author={K. {Spiteri} and R. {Urgaonkar} and R. K. {Sitaraman}},
	booktitle={IEEE INFOCOM},
	title={{BOLA}: Near-optimal bitrate adaptation for online videos},
	year={2016},
}

@article{buffer-based-sigcomm-2014,
	author = {Huang, Te-Yuan and Johari, Ramesh and McKeown, Nick and Trunnell, Matthew and Watson, Mark},
	title = {A Buffer-based Approach to Rate Adaptation: Evidence from a Large Video Streaming Service},
	journal = {SIGCOMM Comput. Commun. Rev.},
	issue_date = {October 2014},
	volume = {44},
	number = {4},
	month = aug,
	year = {2014},
	pages = {187--198}
} 

@inproceedings{MPC-SIGCOMM-2015,
	address = {New York, New York, USA},
	author = {Yin, Xiaoqi and Jindal, Abhishek and Sekar, Vyas and Sinopoli, Bruno},
	booktitle = {ACM SIGCOMM},
	title = {{A Control-theoretic Approach for Dynamic Adaptive Video Streaming over HTTP}},
	year = {2015}
}

@article{Liu-sigmetrics-2008,
	author = {Liu, Shao and Zhang-Shen, Rui and Jiang, Wenjie and Rexford, Jennifer and Chiang, Mung},
	title = {Performance Bounds for Peer-assisted Live Streaming},
	journal = {SIGMETRICS Perform. Eval. Rev.},
	issue_date = {June 2008},
	volume = {36},
	number = {1},
	month = jun,
	year = {2008},
	pages = {313--324},
}

@inproceedings{Wang:ACMmm-2011,
	author = {Wang, Zhi and Sun, Lifeng and Yang, Shiqiang and Zhu, Wenwu},
	title = {Prefetching Strategy in Peer-assisted Social Video Streaming},
	booktitle = {ACM MM},
	year = {2011},
	pages = {1233--1236},
} 

@INPROCEEDINGS{P2PHttp-2012,
	author={S. {Lederer} and C. {MÃ¼ller} and C. {Timmerer}},
	booktitle={2012 19th International Packet Video Workshop (PV)},
	title={Towards peer-assisted dynamic adaptive streaming over {HTTP}},
	year={2012},
	pages={161-166},
}

@ARTICLE{P2P-incentive-2010,
	author={C. {Liang} and Z. {Fu} and Y. {Liu} and C. W. {Wu}},
	journal={IEEE Transactions on Parallel and Distributed Systems},
	title={Incentivized Peer-Assisted Streaming for On-Demand Services},
	year={2010},
	volume={21},
	number={9},
	pages={1354-1367},
	month={Sep.},
}

@ARTICLE{PeerAss-RTMFP-2018,
	author={S. {Zou} and Q. {Wang} and J. {Ge} and Y. {Tian}},
	journal={IEEE Transactions on Circuits and Systems for Video Technology},
	title={Peer-Assisted Video Streaming With {RTMFP} Flash Player: A Measurement Study on {PPTV}},
	year={2018},
	volume={28},
	number={1},
	pages={158-170},
}

@INPROCEEDINGS{EdgeNode-GameTheory-Globecomm-2018,
	author={W. {Zhao} and W. {Qiu} and C. {Zhou} and Z. {Liu} and T. {Hara}},
	booktitle={IEEE Globecom Workshops},
	title={Edge-Node Assisted Live Video Streaming: A Coalition Formation Game Approach},
	year={2018},
}

@INPROCEEDINGS{Collaborative-P2P-WCNC-2018,
	author={C. {Lee} and I. {Chen}},
	booktitle={IEEE WCNC},
	title={Collaborative {P2P} streaming based on {MPEG-DASH} for smart devices},
	year={2018},
	pages={1-6},
}


@article{ISHAKIAN201714,
	title = "AngelCast: Cloud-based peer-assisted live streaming using optimized multi-tree construction",
	journal = "Computer Communications",
	volume = "111",
	pages = "14 - 28",
	year = "2017"

}

@ARTICLE{TNET-Migration-2016,
	author={F. {Wang} and J. {Liu} and M. {Chen} and H. {Wang}},
	journal={IEEE/ACM Transactions on Networking},
	title={Migration Towards Cloud-Assisted Live Media Streaming},
	year={2016},
	volume={24},
	number={1},
	pages={272-282}
}

@ARTICLE{TNET-Coop-2015,
	author={D. {Ciullo} and V. {Martina} and M. {Garetto} and E. {Leonardi}},
	journal={IEEE/ACM Transactions on Networking},
	title={How Much Can Large-Scale Video-on-Demand Benefit From Users' Cooperation?},
	year={2015},
	volume={23},
	number={6},
	pages={1846--1861},
	month={Dec},
    }

 @misc{LiveStreamDuration1,
 	title = {Live Streaming: Strategies to Increase Audience Attention \& Engagement Activity},
 	howpublished = {\url{http://www.mikedelgado.org/live-streaming/audience-engagement/}},
 	note = {Accessed: 2019-05-01}
 }
 @misc{LiveStreamDuration2,
 	title = {The Top Video Live Streaming Statistics To Know in 2018},
 	howpublished = {\url{https://50wheel.com/the-top-video-live-streaming-statistics-to-know-in-2018/}},
 	note = {Accessed: 2019-05-01}
 }
 
 @INPROCEEDINGS{dht1,
 	author={K. {Leung} and I. {Lee}},
 	booktitle={2009 International Symposium on Computer Network and Multimedia Technology},
 	title={Distributed Video Streaming over DHT P2P Overlays},
 	year={2009},
 	volume={},
 	number={},
 	pages={1-4},
 	ISSN={},
 	month={Jan},
 }
 
 @article{ChordStoica,
 	author = {Stoica, Ion and Morris, Robert and Karger, David and Kaashoek, M. Frans and Balakrishnan, Hari},
 	title = {Chord: A Scalable Peer-to-peer Lookup Service for Internet Applications},
 	journal = {SIGCOMM Comput. Commun. Rev.},
 	issue_date = {October 2001},
 	volume = {31},
 	number = {4},
 	month = aug,
 	year = {2001},
 	issn = {0146-4833},
 	pages = {149--160},
 	numpages = {12},
 	acmid = {383071},
 	publisher = {ACM},
 	address = {New York, NY, USA},
 } 