@inproceedings{Sharma2014,
    author = {Sharma, Abhigyan and Tie, Xiaozheng and Uppal, Hardeep and Venkataramani, Arun and Westbrook, David and Yadav, Aditya},
    booktitle = {Proceedings of the 2014 ACM  SIGCOMM},
    pages = {247--258},
    title = {A Global Name Service for a Highly Mobile Internetwork},
    year = {2014}
}
@techreport{ietf-quic-http-02,
    number =	{draft-ietf-quic-http-02},
    type =		{Internet-Draft},
    institution =	{Internet Engineering Task Force},
    publisher =	{Internet Engineering Task Force},
    author =	{Mike Bishop},
    title =		{Hypertext Transfer Protocol ({HTTP}) over{QUIC}},
    pagetotal =	27,
    year =		2017,
    month =		mar,
    day =		13,
}

@inproceedings{Arye2012,
    author = {Arye, M and Nordstr{\"{o}}m, E and Kiefer, R and Rexford, J and Freedman, M J},
    booktitle = {Proceedings of the 20th ICNP},
    month = {oct},
    pages = {1--12},
    title = {A formally-verified migration protocol for mobile, multi-homed hosts},
    year = {2012}
}
@inproceedings{Snoeren2000,
    author = {Snoeren, Alex C and Balakrishnan, Hari},
    booktitle = {Proceedings of the 6th ACM MobiCom},
    pages = {155--166},
    title = {An End-to-end Approach to Host Mobility},
    year = {2000}
}
@techreport{scharf2013multipath,
  title={Multipath {TCP} ({MPTCP}) application interface considerations},
  author={Scharf, Michael and Ford, Alan},
  year={2013}
}

@article{paasch2014multipath,
	title={Multipath {TCP}},
	author={Paasch, Christoph and Bonaventure, Olivier},
	journal={Communications of the ACM},
	volume={57},
	number={4},
	pages={51--57},
	year={2014},
	publisher={ACM}
}

@article{largecwnd,
	title = {An Argument for Increasing {TCP}'s Initial Congestion Window},
	author  = {Nandita Dukkipati and Tiziana Refice and Yuchung Cheng and Jerry Chu and Tom Herbert and Amit Agarwal and Arvind Jain and Natalia Sutin},
	year  = 2010,
	journal = {ACM SIGCOMM Computer Communications Review},
	pages = {27--33},
	volume  = {40}
}

@inproceedings{fastopen,
	title = {{TCP} Fast Open},
	author  = {Sivasankar Radhakrishnan and Yuchung Cheng and Jerry Chu and Arvind Jain and Barath Raghavan},
	year  = 2011,
	booktitle = {Proceedings of the 7th ACM CoNEXT}
}


@article{erman2015towards,
	title={Towards a {SPDY}’ier mobile web?},
	author={Erman, Jeffrey and Gopalakrishnan, Vijay and Jana, Rittwik and Ramakrishnan, Kadangode K},
	journal={IEEE/ACM Transactions on Networking},
	volume={23},
	number={6},
	pages={2010--2023},
	year={2015},
	publisher={IEEE}
}

@article{rexford2010future,
	title={Future Internet architecture: clean-slate versus evolutionary research},
	author={Rexford, Jennifer and Dovrolis, Constantine},
	journal={Communications of the ACM},
	volume={53},
	number={9},
	pages={36--40},
	year={2010},
	publisher={ACM}
}

@article{zhang2016smart,
	title={Smart identifier network: A collaborative architecture for the future internet},
	author={Zhang, Hongke and Quan, Wei and Chao, Han-chieh and Qiao, Chunming},
	journal={IEEE Network},
	volume={30},
	number={3},
	pages={46--51},
	year={2016},
	publisher={IEEE}
}

@inproceedings{yadav2016msocket,
	title={{msocket}: System support for mobile, multipath, and middlebox-agnostic applications},
	author={Yadav, Aditya and Venkataramani, Arun},
	booktitle={Proceedings of the 24th IEEE ICNP},
	pages={1--10},
	year={2016},
	organization={IEEE}
}

@inproceedings{abdrabou2016experimental,
	title={Experimental Performance Study of Multipath {TCP} over Heterogeneous Wireless Networks},
	author={Abdrabou, Atef and Prakash, Monika},
	booktitle={Proceedings of the 41st IEEE LCN},
	pages={172--175},
	year={2016},
	organization={IEEE}
}

@article{de2016observing,
	title={Observing real smartphone applications over multipath {TCP}},
	author={De Coninck, Quentin and Baerts, Matthieu and Hesmans, Benjamin and Bonaventure, Olivier},
	journal={IEEE Communications Magazine},
	volume={54},
	number={3},
	pages={88--93},
	year={2016},
	publisher={IEEE}
}

@inproceedings{de2016throughput,
	title={Throughput Estimation for Short Lived {TCP} Cubic Flows},
	author={De Silva, Girisha and Chan, Mun Choon and Ooi, Wei Tsang},
	booktitle={Proceedings of the 13th ACM MobiQuitous},
	pages={227--236},
	year={2016},
	organization={ACM}
}

@inproceedings{islam2016start,
	title={{Start Me Up}: Determining and Sharing {TCP}’s Initial Congestion Window},
	author={Islam, Safiqul and Welzl, Michael},
	booktitle={Proceedings of the 2016 ACM ANRW},
	pages={52--54},
	year={2016},
}

@article{maity2017tcp,
	title={{TCP} Download Performance in Dense {WiFi} Scenarios: Analysis and Solution},
	author={Maity, Mukulika and Raman, Bhaskaran and Vutukuru, Mythili},
	journal={IEEE Transactions on Mobile Computing},
	volume={16},
	number={1},
	pages={213--227},
	year={2017},
	publisher={IEEE}
}

@article{liu2016improving,
	title={On Improving {TCP} Performance over Mobile Data Networks},
	author={Liu, Ke and Lee, Jack YB},
	journal={IEEE Transactions on Mobile Computing},
	volume={15},
	number={10},
	pages={2522--2536},
	year={2016},
	publisher={IEEE}
}

@article{oh2016feedback,
	title={Feedback-Based Path Failure Detection and Buffer Blocking Protection for {MPTCP}},
	author={Oh, Bong-Hwan and Lee, Jaiyong},
	journal={IEEE/ACM Transactions on Networking},
	volume={24},
	number={6},
	pages={3450--3461},
	year={2016},
	publisher={IEEE}
}

@inproceedings{barik2016lisa,
	title={{LISA}: A linked slow-start algorithm for {MPTCP}},
	author={Barik, Runa and Welzl, Michael and Ferlin, Simone and Alay, Ozgu},
	booktitle={Proceedings of the 2016 IEEE ICC},
	pages={1--7},
	year={2016},
	organization={IEEE}
}

@article{khalili2013mptcp,
	title={{MPTCP} is not pareto-optimal: performance issues and a possible solution},
	author={Khalili, Ramin and Gast, Nicolas and Popovic, Miroslav and Le Boudec, Jean-Yves},
	journal={IEEE/ACM Transactions on Networking},
	volume={21},
	number={5},
	pages={1651--1665},
	year={2013},
	publisher={IEEE}
}

@inproceedings{carlucci2015http,
	title={{HTTP} over {UDP}: an Experimental Investigation of {QUIC}},
	author={Carlucci, Gaetano and De Cicco, Luca and Mascolo, Saverio},
	booktitle={Proceedings of the 30th Annual ACM SAC},
	pages={609--614},
	year={2015},
	organization={ACM}
}

@article{cui2017innovating,
	title={Innovating Transport with {QUIC}: Design Approaches and Research Challenges},
	author={Cui, Yong and Li, Tianxiang and Liu, Cong and Wang, Xingwei and K{\"u}hlewind, Mirja},
	journal={IEEE Internet Computing},
	volume={21},
	number={2},
	pages={72--76},
	year={2017},
	publisher={IEEE}
}

@inproceedings{kheirkhah2016mmptcp,
	author={M. Kheirkhah and I. Wakeman and G. Parisis},
	booktitle={Proceedings of IEEE INFOCOM 2016 - The 35th Annual IEEE International Conference on Computer Communications},
	title={{MMPTCP}: A multipath transport protocol for data centers},
	year={2016},
	volume={},
	number={},
	pages={1-9},
	doi={10.1109/INFOCOM.2016.7524530},
	ISSN={},
	month={April},
}

@inproceedings{kheirkhah2015short,
 author={Kheirkhah Morteza and Wakeman Ian and Parisis George},
 title = {Short vs. Long Flows: A Battle That Both Can Win},
 booktitle = {Proceedings of the 2015 ACM Conference on Special Interest Group on Data Communication},
 series = {SIGCOMM '15},
 year = {2015},
 isbn = {978-1-4503-3542-3},
 location = {London, United Kingdom},
 pages = {349--350},
 numpages = {2},
 publisher = {ACM},
}




@article{Padhye2000,
	author = {Padhye, Jitendra and Firoiu, Victor and Towsley, Donald F and Kurose, James F},
	doi = {http://dx.doi.org/10.1109/90.842137},
	issn = {1063-6692},
	journal = {IEEE/ACM Trans. Netw.},
	mendeley-groups = {modeling},
	number = {2},
	pages = {133--145},
	publisher = {IEEE Press},
	title = {{Modeling TCP Reno performance: a simple model and its empirical validation}},
	volume = {8},
	year = {2000}
}

@inproceedings{mpquic-measure,
	author = {{De Coninck}, Quentin and Bonaventure, Olivier},
	booktitle = {Proceedings of the 13th International Conference on Emerging Networking EXperiments and Technologies},
	doi = {10.1145/3143361.3143370},
	isbn = {978-1-4503-5422-6},
	pages = {160--166},
	series = {CoNEXT '17},
	title = {{Multipath QUIC: Design and Evaluation}},
}
@inproceedings{Paasch:mptcp:compare,
	author = {Paasch, Christoph and Khalili, Ramin and Bonaventure, Olivier},
	booktitle = {Proceedings of the Ninth ACM Conference on Emerging Networking Experiments and Technologies},
	doi = {10.1145/2535372.2535403},
	isbn = {978-1-4503-2101-3},
	mendeley-groups = {spdy-quic},
	pages = {393--398},
	series = {CoNEXT '13},
	title = {{On the Benefits of Applying Experimental Design to Improve Multipath TCP}},
}

@article{wspalgo,
	title = "Construction of space-filling designs using WSP algorithm for high dimensional spaces",
	journal = "Chemometrics and Intelligent Laboratory Systems",
	volume = "113",
	pages = "26 - 31",
	year = "2012",
	issn = "0169-7439",
	author = "J. Santiago and M. Claeys-Bruno and M. Sergent",
	keywords = "Experimental design, Space filling design, Numerical simulation, Computer experiment, High dimensional space"
}

@misc{quic-go,
	author = {Lucas Clemente},
	title = {A QUIC implementation in pure go},
	year = {2014},
	publisher = {GitHub},
	journal = {GitHub repository},
	howpublished = {\url{https://github.com/lucas-clemente/quic-go}},
}

@inproceedings{quic-deployment,
	author = {Langley, Adam and Riddoch, Alistair and Wilk, Alyssa and Vicente, Antonio and Krasic, Charles and Zhang, Dan and Yang, Fan and Kouranov, Fedor and Swett, Ian and Iyengar, Janardhan and Bailey, Jeff and Dorfman, Jeremy and Roskind, Jim and Kulik, Joanna and Westin, Patrik and Tenneti, Raman and Shade, Robbie and Hamilton, Ryan and Vasiliev, Victor and Chang, Wan-Teh and Shi, Zhongyi},
	title = {The QUIC Transport Protocol: Design and Internet-Scale Deployment},
	booktitle = {Proceedings of the Conference of the ACM Special Interest Group on Data Communication},
	series = {SIGCOMM '17},
	year = {2017},
	isbn = {978-1-4503-4653-5},
	location = {Los Angeles, CA, USA},
	pages = {183--196},
	numpages = {14},
	acmid = {3098842},
	publisher = {ACM},
} 
@article{Kaspar:2012:MAH:2206765.2206770,
	author = {Kaspar, Dominik},
	title = {Multipath Aggregation of Heterogeneous Access Networks},
	journal = {SIGMultimedia Rec.},
	issue_date = {March 2012},
	volume = {4},
	number = {1},
	month = mar,
	year = {2012},
	issn = {1947-4598},
	pages = {27--28},
	numpages = {2},
	acmid = {2206770},
} 

@Article{Kelly1998,
	author="Kelly, F P
	and Maulloo, A K
	and Tan, D K H",
	title="Rate control for communication networks: shadow prices, proportional fairness and stability",
	journal="Journal of the Operational Research Society",
	year="1998",
	month="Mar",
	day="01",
	volume="49",
	number="3",
	pages="237--252",
	issn="1476-9360",
}

@article{Jacobson:1988:CAC:52325.52356,
	author = {Jacobson, V.},
	title = {Congestion Avoidance and Control},
	journal = {SIGCOMM Comput. Commun. Rev.},
	issue_date = {August 1988},
	volume = {18},
	number = {4},
	month = aug,
	year = {1988},
	issn = {0146-4833},
	pages = {314--329},
	numpages = {16},
	doi = {10.1145/52325.52356},
	acmid = {52356},
	publisher = {ACM},
	address = {New York, NY, USA},
} 


@article{Spring:2004:MIT:973492.973494,
	author = {Spring, Neil and Mahajan, Ratul and Wetherall, David and Anderson, Thomas},
	title = {Measuring ISP Topologies with Rocketfuel},
	journal = {IEEE/ACM Trans. Netw.},
	issue_date = {February 2004},
	volume = {12},
	number = {1},
	month = feb,
	year = {2004},
	issn = {1063-6692},
	pages = {2--16},
	numpages = {15},
	acmid = {973494},
	publisher = {IEEE Press},
	address = {Piscataway, NJ, USA},
	keywords = {communication system operations and management, internet, measurement, network reliability},
} 