@COMMENT{
	==========================================================
	ACM
	==========================================================
}

@inproceedings{mao2017neural,
	author = {Mao, Hongzi and Netravali, Ravi and Alizadeh, Mohammad},
	title = {{Neural Adaptive Video Streaming with Pensieve}},
	year = {2017},
	isbn = {9781450346535},
	publisher = {Association for Computing Machinery},
	address = {New York, NY, USA},
	url = {https://doi.org/10.1145/3098822.3098843},
	doi = {10.1145/3098822.3098843},
	booktitle = {Proceedings of the Annual Conference of the ACM Special Interest Group on Data Communication on the Applications, Technologies, Architectures, and Protocols for Computer Communication},
	pages = {197–210},
	numpages = {14},
	keywords = {reinforcement learning, video streaming, bitrate adaptation},
	location = {Los Angeles, CA, USA},
	series = {SIGCOMM '17}
}

@inproceedings{yin2015control,
	author = {Yin, Xiaoqi and Jindal, Abhishek and Sekar, Vyas and Sinopoli, Bruno},
	title = {{A Control-Theoretic Approach for Dynamic Adaptive Video Streaming over HTTP}},
	year = {2015},
	isbn = {9781450335423},
	publisher = {Association for Computing Machinery},
	address = {New York, NY, USA},
	url = {https://doi.org/10.1145/2785956.2787486},
	doi = {10.1145/2785956.2787486},
	booktitle = {Proceedings of the Annual Conference of the ACM Special Interest Group on Data Communication on the Applications, Technologies, Architectures, and Protocols for Computer Communication},
	pages = {325–338},
	numpages = {14},
	keywords = {internet video, bitrate adaptation, dash, model predictive control},
	location = {London, United Kingdom},
	series = {SIGCOMM '15}
}

@inproceedings{gill2007youtube,
	author = {Gill, Phillipa and Arlitt, Martin and Li, Zongpeng and Mahanti, Anirban},
	title = {{Youtube Traffic Characterization: A View from the Edge}},
	year = {2007},
	isbn = {9781595939081},
	publisher = {Association for Computing Machinery},
	address = {New York, NY, USA},
	url = {https://doi.org/10.1145/1298306.1298310},
	doi = {10.1145/1298306.1298310},
	booktitle = {Proceedings of the ACM SIGCOMM Conference on Internet Measurement},
	pages = {15–28},
	numpages = {14},
	keywords = {youtube, characterization, multimedia, web 2.0},
	location = {San Diego, California, USA},
	series = {IMC '07}
}


@inproceedings{10.1145/1943552.1943575,
	address = {New York, NY, USA},
	author = {Liu, Chenghao and Bouazizi, Imed and Gabbouj, Moncef},
	booktitle = {Proceedings of the Second Annual ACM Conference on Multimedia Systems},
	doi = {10.1145/1943552.1943575},
	isbn = {9781450305181},
	keywords = {adaptive http streaming,rate adaptation,standardization,streaming},
	pages = {169--174},
	publisher = {Association for Computing Machinery},
	series = {MMSys '11},
	title = {{Rate Adaptation for Adaptive HTTP Streaming}},
	url = {https://doi.org/10.1145/1943552.1943575},
	year = {2011}
}

@inproceedings{10.1145/1943552.1943574,
	address = {New York, NY, USA},
	author = {Akhshabi, Saamer and Begen, Ali C and Dovrolis, Constantine},
	booktitle = {Proceedings of the Second Annual ACM Conference on Multimedia Systems},
	doi = {10.1145/1943552.1943574},
	isbn = {9781450305181},
	keywords = {adaptive streaming,experimental evaluation,rate adaptation algorithm,video streaming over http},
	pages = {157--168},
	publisher = {Association for Computing Machinery},
	series = {MMSys '11},
	title = {{An Experimental Evaluation of Rate-Adaptation Algorithms in Adaptive Streaming over HTTP}},
	url = {https://doi.org/10.1145/1943552.1943574},
	year = {2011}
}

@inproceedings{10.1145/2910017.2910596,
	address = {New York, NY, USA},
	author = {Beben, A and Wiundefinedniewski, P and Batalla, J Mongay and Krawiec, P},
	booktitle = {Proceedings of the International Conference on Multimedia Systems},
	doi = {10.1145/2910017.2910596},
	isbn = {9781450342971},
	keywords = {MPEG DASH,adaptive video streaming,modelling,performance evaluation},
	mendeley-groups = {Survey},
	publisher = {Association for Computing Machinery},
	series = {MMSys '16},
	title = {{ABMA+: Lightweight and Efficient Algorithm for HTTP Adaptive Streaming}},
	url = {https://doi.org/10.1145/2910017.2910596},
	year = {2016}
}

@inproceedings{10.1145/2670518.2673877,
	address = {New York, NY, USA},
	author = {Yin, Xiaoqi and Sekar, Vyas and Sinopoli, Bruno},
	booktitle = {Proceedings of the ACM Workshop on Hot Topics in Networks},
	doi = {10.1145/2670518.2673877},
	isbn = {9781450332569},
	pages = {1--7},
	publisher = {Association for Computing Machinery},
	series = {HotNets-XIII},
	title = {{Toward a Principled Framework to Design Dynamic Adaptive Streaming Algorithms over HTTP}},
	url = {https://doi.org/10.1145/2670518.2673877},
	year = {2014}
}

@inproceedings{Akhtar2018,
	author = {Akhtar, Zahaib and Nam, Yun Seong and Govindan, Ramesh and Rao, Sanjay and Chen, Jessica and Katz-Bassett, Ethan and Ribeiro, Bruno and Zhan, Jibin and Zhang, Hui},
	title = {{Oboe: Auto-Tuning Video ABR Algorithms to Network Conditions}},
	year = {2018},
	isbn = {9781450355674},
	publisher = {Association for Computing Machinery},
	address = {New York, NY, USA},
	url = {https://doi.org/10.1145/3230543.3230558},
	doi = {10.1145/3230543.3230558},
	booktitle = {Proceedings of the Annual Conference of the ACM Special Interest Group on Data Communication on the Applications, Technologies, Architectures, and Protocols for Computer Communication},
	pages = {44–58},
	numpages = {15},
	keywords = {adaptive bitrate algorithms, video delivery},
	location = {Budapest, Hungary},
	series = {SIGCOMM '18}
}

@inproceedings{wamser2015poster,
	author = {Wamser, Florian and Seufert, Michael and Casas, Pedro and Irmer, Ralf and Tran-Gia, Phuoc and Schatz, Raimund},
	title = {{Poster: Understanding YouTube QoE in Cellular Networks with YoMoApp: A QoE Monitoring Tool for YouTube Mobile}},
	year = {2015},
	isbn = {9781450336192},
	publisher = {Association for Computing Machinery},
	address = {New York, NY, USA},
	url = {https://doi.org/10.1145/2789168.2795176},
	doi = {10.1145/2789168.2795176},
	booktitle = {Proceedings of the 21st Annual International Conference on Mobile Computing and Networking},
	pages = {263–265},
	numpages = {3},
	keywords = {subjective lab tests, QoE, smartphones, mobile apps},
	location = {Paris, France},
	series = {MobiCom '15},
}

@inproceedings{langley2017quic,
	author = {Langley, Adam and Riddoch, Alistair and Wilk, Alyssa and Vicente, Antonio and Krasic, Charles and Zhang, Dan and Yang, Fan and Kouranov, Fedor and Swett, Ian and Iyengar, Janardhan and Bailey, Jeff and Dorfman, Jeremy and Roskind, Jim and Kulik, Joanna and Westin, Patrik and Tenneti, Raman and Shade, Robbie and Hamilton, Ryan and Vasiliev, Victor and Chang, Wan-Teh and Shi, Zhongyi},
	title = {{The QUIC Transport Protocol: Design and Internet-Scale Deployment}},
	year = {2017},
	isbn = {9781450346535},
	publisher = {Association for Computing Machinery},
	address = {New York, NY, USA},
	url = {https://doi.org/10.1145/3098822.3098842},
	doi = {10.1145/3098822.3098842},
	booktitle = {Proceedings of the Annual Conference of the ACM Special Interest Group on Data Communication on the Applications, Technologies, Architectures, and Protocols for Computer Communication},
	pages = {183–196},
	numpages = {14},
	location = {Los Angeles, CA, USA},
	series = {SIGCOMM '17}
}

@inproceedings{bhat2018improving,
	author = {Bhat, Divyashri and Deshmukh, Rajvardhan and Zink, Michael},
	title = {{Improving QoE of ABR Streaming Sessions through QUIC Retransmissions}},
	year = {2018},
	isbn = {9781450356657},
	publisher = {Association for Computing Machinery},
	address = {New York, NY, USA},
	url = {https://doi.org/10.1145/3240508.3240664},
	doi = {10.1145/3240508.3240664},
	booktitle = {Proceedings of the ACM International Conference on Multimedia},
	pages = {1616–1624},
	numpages = {9},
	keywords = {quic, abr streaming, dash, http/2, qoe},
	location = {Seoul, Republic of Korea},
	series = {MM '18}
}

@inproceedings{10.1145/2910018.2910656,
	address = {New York, NY, USA},
	author = {Zhang, Jingyu and Fang, Gan and Peng, Chunyi and Guo, Minyi and Wei, Sheng and Swaminathan, Viswanathan},
	booktitle = {Proceedings of the International Workshop on Mobile Video},
	doi = {10.1145/2910018.2910656},
	isbn = {9781450343572},
	keywords = {DASH,LTE,energy saving,power consumption,video streaming},
	publisher = {Association for Computing Machinery},
	series = {MoVid '16},
	title = {{Profiling Energy Consumption of DASH Video Streaming over 4G LTE Networks}},
	url = {https://doi.org/10.1145/2910018.2910656},
	year = {2016}
}

@inproceedings{Zou2015,
	author = {Zou, Xuan Kelvin and Erman, Jeffrey and Gopalakrishnan, Vijay and Halepovic, Emir and Jana, Rittwik and Jin, Xin and Rexford, Jennifer and Sinha, Rakesh K.},
	title = {{Can Accurate Predictions Improve Video Streaming in Cellular Networks?}},
	year = {2015},
	isbn = {9781450333917},
	publisher = {Association for Computing Machinery},
	address = {New York, NY, USA},
	url = {https://doi.org/10.1145/2699343.2699359},
	doi = {10.1145/2699343.2699359},
	booktitle = {Proceedings of the International Workshop on Mobile Computing Systems and Applications},
	pages = {57–62},
	numpages = {6},
	keywords = {design, cellular, prediction, http, dash, adaptation, video streaming, algorithm, performance},
	location = {Santa Fe, New Mexico, USA},
	series = {HotMobile ’15}
}

@inproceedings{10.1145/2155555.2155558,
	address = {New York, NY, USA},
	author = {Mok, Ricky K P and Luo, Xiapu and Chan, Edmond W W and Chang, Rocky K C},
	booktitle = {Proceedings of the Multimedia Systems Conference},
	doi = {10.1145/2155555.2155558},
	isbn = {9781450311311},
	keywords = {Dynamic Adaptive Streaming over HTTP,H.264/AVC,QoE,available bandwidth,quality adaptation},
	pages = {11--22},
	publisher = {Association for Computing Machinery},
	series = {MMSys '12},
	title = {{QDASH: A QoE-Aware DASH System}},
	url = {https://doi.org/10.1145/2155555.2155558},
	year = {2012}
}

@inproceedings{10.1145/3394171.3413512,
	address = {New York, NY, USA},
	author = {Liu, Yunzhuo and Jiang, Bo and Guo, Tian and Sitaraman, Ramesh K and Towsley, Don and Wang, Xinbing},
	booktitle = {Proceedings of the ACM International Conference on Multimedia},
	doi = {10.1145/3394171.3413512},
	isbn = {9781450379885},
	keywords = {adaptive bitrate algorithm,reinforcement learning,scalable video coding},
	pages = {349--357},
	publisher = {Association for Computing Machinery},
	series = {MM '20},
	title = {{Grad: Learning for Overhead-Aware Adaptive Video Streaming with Scalable Video Coding}},
	url = {https://doi.org/10.1145/3394171.3413512},
	year = {2020}
}

@inproceedings{10.1145/2413176.2413189,
	address = {New York, NY, USA},
	author = {Jiang, Junchen and Sekar, Vyas and Zhang, Hui},
	booktitle = {Proceedings of the International Conference on Emerging Networking Experiments and Technologies},
	doi = {10.1145/2413176.2413189},
	isbn = {9781450317757},
	keywords = {DASH,HTTP,adaptation,video},
	mendeley-groups = {Survey,dash,Survey/thrput},
	pages = {97--108},
	publisher = {Association for Computing Machinery},
	series = {CoNEXT '12},
	title = {{Improving Fairness, Efficiency, and Stability in HTTP-Based Adaptive Video Streaming with FESTIVE}},
	url = {https://doi.org/10.1145/2413176.2413189},
	year = {2012}
}

@inproceedings{10.1145/2018602.2018611,
	address = {New York, NY, USA},
	author = {Mok, Ricky K P and Chan, Edmond W W and Luo, Xiapu and Chang, Rocky K C},
	booktitle = {Proceedings of the First ACM SIGCOMM Workshop on Measurements up the Stack},
	doi = {10.1145/2018602.2018611},
	isbn = {9781450308007},
	keywords = { http video streaming, qoe,user-viewing activities},
	mendeley-groups = {Survey},
	pages = {31--36},
	publisher = {Association for Computing Machinery},
	series = {W-MUST '11},
	title = {{Inferring the QoE of HTTP Video Streaming from User-Viewing Activities}},
	url = {https://doi.org/10.1145/2018602.2018611},
	year = {2011}
}

@inproceedings{10.1145/2910017.2910593,
	address = {New York, NY, USA},
	author = {Wang, Cong and Rizk, Amr and Zink, Michael},
	booktitle = {Proceedings of the 7th International Conference on Multimedia Systems},
	doi = {10.1145/2910017.2910593},
	isbn = {9781450342971},
	keywords = {DASH,HTTP,QoE,adaptation,quality,video},
	mendeley-groups = {Survey},
	publisher = {Association for Computing Machinery},
	series = {MMSys '16},
	title = {{SQUAD: A Spectrum-Based Quality Adaptation for Dynamic Adaptive Streaming over HTTP}},
	url = {https://doi.org/10.1145/2910017.2910593},
	year = {2016}
}

@inproceedings{Huang2014,
	author = {Huang, Te-Yuan and Johari, Ramesh and McKeown, Nick and Trunnell, Matthew and Watson, Mark},
	title = {{A Buffer-Based Approach to Rate Adaptation: Evidence from a Large Video Streaming Service}},
	year = {2014},
	isbn = {9781450328364},
	publisher = {Association for Computing Machinery},
	address = {New York, NY, USA},
	url = {https://doi.org/10.1145/2619239.2626296},
	doi = {10.1145/2619239.2626296},
	booktitle = {Proceedings of the Annual Conference of the ACM Special Interest Group on Data Communication on the Applications, Technologies, Architectures, and Protocols for Computer Communication},
	pages = {187–198},
	numpages = {12},
	keywords = {video rate adaptation algorithm, http-based video streaming},
	location = {Chicago, Illinois, USA},
	series = {SIGCOMM '14}
}

@inproceedings{10.1145/2398776.2398800,
	address = {New York, NY, USA},
	author = {Huang, Te-Yuan and Handigol, Nikhil and Heller, Brandon and McKeown, Nick and Johari, Ramesh},
	booktitle = {Proceedings of the Internet Measurement Conference},
	doi = {10.1145/2398776.2398800},
	isbn = {9781450317054},
	keywords = {http-based video streaming,video rate adaptation},
	mendeley-groups = {Survey},
	pages = {225--238},
	publisher = {Association for Computing Machinery},
	series = {IMC '12},
	title = {{Confused, Timid, and Unstable: Picking a Video Streaming Rate is Hard}},
	url = {https://doi.org/10.1145/2398776.2398800},
	year = {2012}
}

@inproceedings{10.1145/2491172.2491179,
	address = {New York, NY, USA},
	author = {Huang, Te-Yuan and Johari, Ramesh and McKeown, Nick},
	booktitle = {Proceedings of the ACM SIGCOMM Workshop on Future Human-Centric Multimedia Networking},
	doi = {10.1145/2491172.2491179},
	isbn = {9781450321839},
	keywords = {http-based video streaming,video rate adaptation algorithm},
	mendeley-groups = {Survey},
	pages = {9--14},
	publisher = {Association for Computing Machinery},
	series = {FhMN '13},
	title = {{Downton Abbey without the Hiccups: Buffer-Based Rate Adaptation for HTTP Video Streaming}},
	url = {https://doi.org/10.1145/2491172.2491179},
	year = {2013}
}

@inproceedings{10.1145/2483977.2484004,
	address = {New York, NY, USA},
	author = {Mansy, Ahmed and {Ver Steeg}, Bill and Ammar, Mostafa},
	booktitle = {Proceedings of the ACM Multimedia Systems Conference},
	doi = {10.1145/2483977.2484004},
	isbn = {9781450318945},
	keywords = {DASH,TCP,buffer bloat,client based technique},
	mendeley-groups = {Survey},
	pages = {214--225},
	publisher = {Association for Computing Machinery},
	series = {MMSys '13},
	title = {{SABRE: A Client Based Technique for Mitigating the Buffer Bloat Effect of Adaptive Video Flows}},
	url = {https://doi.org/10.1145/2483977.2484004},
	year = {2013}
}

@inproceedings{10.1145/2413176.2413190,
	address = {New York, NY, USA},
	author = {Tian, Guibin and Liu, Yong},
	booktitle = {Proceedings of the International Conference on Emerging Networking Experiments and Technologies},
	doi = {10.1145/2413176.2413190},
	isbn = {9781450317757},
	keywords = {SVR,adaptation,dash,emulab,multiple CDN},
	mendeley-groups = {Survey},
	pages = {109--120},
	publisher = {Association for Computing Machinery},
	series = {CoNEXT '12},
	title = {{Towards Agile and Smooth Video Adaptation in Dynamic HTTP Streaming}},
	url = {https://doi.org/10.1145/2413176.2413190},
	year = {2012}
}

@inproceedings{10.1145/3204949.3204957,
	address = {New York, NY, USA},
	author = {He, Jian and Qureshi, Mubashir Adnan and Qiu, Lili and Li, Jin and Li, Feng and Han, Lei},
	booktitle = {Proceedings of the ACM Multimedia Systems Conference},
	doi = {10.1145/3204949.3204957},
	isbn = {9781450351928},
	keywords = {360° videos,rate adaptation,video streaming},
	mendeley-groups = {Survey},
	pages = {64--75},
	publisher = {Association for Computing Machinery},
	series = {MMSys '18},
	title = {{Favor: Fine-Grained Video Rate Adaptation}},
	url = {https://doi.org/10.1145/3204949.3204957},
	year = {2018}
}

@inproceedings{10.1145/3339825.3391859,
	address = {New York, NY, USA},
	author = {Yousef, Hiba and {Le Feuvre}, Jean and Ageneau, Paul-Louis and Storelli, Alexandre},
	booktitle = {Proceedings of the ACM Multimedia Systems Conference},
	doi = {10.1145/3339825.3391859},
	isbn = {9781450368452},
	keywords = {ABR,CDN,HTTP adaptive streaming,P2P,QoE,response delay},
	mendeley-groups = {Survey},
	pages = {54--65},
	publisher = {Association for Computing Machinery},
	series = {MMSys '20},
	title = {{Enabling Adaptive Bitrate Algorithms in Hybrid CDN/P2P Networks}},
	url = {https://doi.org/10.1145/3339825.3391859},
	year = {2020}
}

@inproceedings{10.5555/1402298.1402344,
	author = {de Jong, Steven and Tuyls, Karl and Verbeeck, Katja},
	title = {{Artificial Agents Learning Human Fairness}},
	year = {2008},
	isbn = {9780981738116},
	publisher = {International Foundation for Autonomous Agents and Multiagent Systems},
	address = {Richland, SC},
	booktitle = {Proceedings of the International Joint Conference on Autonomous Agents and Multiagent Systems - Volume 2},
	pages = {863–870},
	numpages = {8},
	keywords = {fairness, reinforcement learning, homo egualis},
	location = {Estoril, Portugal},
	series = {AAMAS '08}
}

@inproceedings{10.1145/2910017.2910603,
	address = {New York, NY, USA},
	author = {Chiariotti, Federico and D'Aronco, Stefano and Toni, Laura and Frossard, Pascal},
	booktitle = {Proceedings of the International Conference on Multimedia Systems},
	doi = {10.1145/2910017.2910603},
	isbn = {9781450342971},
	keywords = {DASH,bitrate adaptation,reinforcement learning},
	mendeley-groups = {Survey},
	publisher = {Association for Computing Machinery},
	series = {MMSys '16},
	title = {{Online Learning Adaptation Strategy for DASH Clients}},
	url = {https://doi.org/10.1145/2910017.2910603},
	year = {2016}
}

@inproceedings{10.5555/3045390.3045594,
	author = {Mnih, Volodymyr and Badia, Adri\`{a} Puigdom\`{e}nech and Mirza, Mehdi and Graves, Alex and Harley, Tim and Lillicrap, Timothy P. and Silver, David and Kavukcuoglu, Koray},
	title = {{Asynchronous Methods for Deep Reinforcement Learning}},
	year = {2016},
	publisher = {JMLR.org},
	booktitle = {Proceedings of the International Conference on International Conference on Machine Learning - Volume 48},
	pages = {1928–1937},
	numpages = {10},
	location = {New York, NY, USA},
	series = {ICML'16}
}

@inproceedings{10.1145/3386290.3396937,
	address = {New York, NY, USA},
	author = {He, Jianchao and Hu, Miao and Zhou, Yipeng and Wu, Di},
	booktitle = {Proceedings of the ACM Workshop on Network and Operating Systems Support for Digital Audio and Video},
	doi = {10.1145/3386290.3396937},
	isbn = {9781450379458},
	keywords = {measurements,reinforcement learning,short-form video},
	mendeley-groups = {Survey},
	pages = {54--59},
	publisher = {Association for Computing Machinery},
	series = {NOSSDAV '20},
	title = {{LiveClip: Towards Intelligent Mobile Short-Form Video Streaming with Deep Reinforcement Learning}},
	url = {https://doi.org/10.1145/3386290.3396937},
	year = {2020}
}

@inproceedings{10.1145/2713168.2713177,
	address = {New York, NY, USA},
	author = {Aparicio-Pardo, Ramon and Pires, Karine and Blanc, Alberto and Simon, Gwendal},
	booktitle = {Proceedings of the ACM Multimedia Systems Conference},
	doi = {10.1145/2713168.2713177},
	isbn = {9781450333511},
	keywords = {cloud-computing,live streaming,video encoding},
	mendeley-groups = {Survey},
	pages = {49--60},
	publisher = {Association for Computing Machinery},
	series = {MMSys '15},
	title = {{Transcoding Live Adaptive Video Streams at a Massive Scale in the Cloud}},
	url = {https://doi.org/10.1145/2713168.2713177},
	year = {2015}
}

@inproceedings{10.1145/2713168.2713182,
	address = {New York, NY, USA},
	author = {Roverso, Roberto and Reale, Riccardo and El-Ansary, Sameh and Haridi, Seif},
	booktitle = {Proceedings of the ACM Multimedia Systems Conference},
	doi = {10.1145/2713168.2713182},
	isbn = {9781450333511},
	keywords = {adaptive bitrate HTTP streaming,content delivery network,peer-to-peer},
	mendeley-groups = {Survey},
	pages = {61--72},
	publisher = {Association for Computing Machinery},
	series = {MMSys '15},
	title = {{SmoothCache 2.0: CDN-Quality Adaptive HTTP Live Streaming on Peer-to-Peer Overlays}},
	url = {https://doi.org/10.1145/2713168.2713182},
	year = {2015}
}

@inproceedings{10.1145/3387514.3405856,
	address = {New York, NY, USA},
	author = {Kim, Jaehong and Jung, Youngmok and Yeo, Hyunho and Ye, Juncheol and Han, Dongsu},
	booktitle = {Proceedings of the Annual Conference of the ACM Special Interest Group on Data Communication on the Applications, Technologies, Architectures, and Protocols for Computer Communication},
	doi = {10.1145/3387514.3405856},
	file = {:home/abhijit/.local/share/data/Mendeley Ltd./Mendeley Desktop/Downloaded/Kim et al. - 2020 - Neural-Enhanced Live Streaming Improving Live Video Ingest via Online Learning.pdf:pdf},
	isbn = {9781450379557},
	keywords = {deep neural networks,live streaming,online learning,super-resolution,video delivery},
	mendeley-groups = {Survey},
	pages = {107--125},
	publisher = {Association for Computing Machinery},
	series = {SIGCOMM '20},
	title = {{Neural-Enhanced Live Streaming: Improving Live Video Ingest via Online Learning}},
	url = {https://doi.org/10.1145/3387514.3405856},
	year = {2020}
}

@inproceedings{10.1145/2079296.2079321,
	author = {Rao, Ashwin and Legout, Arnaud and Lim, Yeon-sup and Towsley, Don and Barakat, Chadi and Dabbous, Walid},
	title = {{Network Characteristics of Video Streaming Traffic}},
	year = {2011},
	isbn = {9781450310413},
	publisher = {Association for Computing Machinery},
	address = {New York, NY, USA},
	url = {https://doi.org/10.1145/2079296.2079321},
	doi = {10.1145/2079296.2079321},
	booktitle = {Proceedings of the Seventh COnference on Emerging Networking EXperiments and Technologies},
	articleno = {25},
	numpages = {12},
	keywords = {YouTube, video streaming, Silverlight, streaming strategies, Flash, HTML5, Netflix},
	location = {Tokyo, Japan},
	series = {CoNEXT '11}
}

@inproceedings{10.1145/2910018.2910655,
	address = {New York, NY, USA},
	author = {Zahran, Ahmed H and Quinlan, Jason and Raca, Darijo and Sreenan, Cormac J and Halepovic, Emir and Sinha, Rakesh K and Jana, Rittwik and Gopalakrishnan, Vijay},
	booktitle = {Proceedings of the International Workshop on Mobile Video},
	doi = {10.1145/2910018.2910655},
	isbn = {9781450343572},
	keywords = {DASH,HTTP adaptive video streaming,mobile networks,optimization},
	mendeley-groups = {Survey},
	publisher = {Association for Computing Machinery},
	series = {MoVid '16},
	title = {{OSCAR: An Optimized Stall-Cautious Adaptive Bitrate Streaming Algorithm for Mobile Networks}},
	url = {https://doi.org/10.1145/2910018.2910655},
	year = {2016}
}

@inproceedings{finamore2011youtube,
	author = {Finamore, Alessandro and Mellia, Marco and Munaf\`{o}, Maurizio M. and Torres, Ruben and Rao, Sanjay G.},
	title = {{YouTube Everywhere: Impact of Device and Infrastructure Synergies on User Experience}},
	year = {2011},
	isbn = {9781450310130},
	publisher = {Association for Computing Machinery},
	address = {New York, NY, USA},
	url = {https://doi.org/10.1145/2068816.2068849},
	doi = {10.1145/2068816.2068849},
	booktitle = {Proceedings of the 2011 ACM SIGCOMM Conference on Internet Measurement Conference},
	pages = {345–360},
	numpages = {16},
	keywords = {quality of experience, video streaming, internet measurement, mobile performance, YouTube},
	location = {Berlin, Germany},
	series = {IMC '11}
}

@inproceedings{bhat2017not,
	author = {Bhat, Divyashri and Rizk, Amr and Zink, Michael},
	title = {{Not so QUIC: A Performance Study of DASH over QUIC}},
	year = {2017},
	isbn = {9781450350037},
	publisher = {Association for Computing Machinery},
	address = {New York, NY, USA},
	url = {https://doi.org/10.1145/3083165.3083175},
	doi = {10.1145/3083165.3083175},
	booktitle = {Proceedings of the 27th Workshop on Network and Operating Systems Support for Digital Audio and Video},
	pages = {13–18},
	numpages = {6},
	keywords = {QUIC, ABR streaming, Video quality metrics, QoE, Video streaming protocols, DASH},
	location = {Taipei, Taiwan},
	series = {NOSSDAV'17}
}

@inproceedings{Carlucci,
	author = {Carlucci, Gaetano and De Cicco, Luca and Mascolo, Saverio},
	title = {{HTTP over UDP: An Experimental Investigation of QUIC}},
	year = {2015},
	isbn = {9781450331968},
	publisher = {Association for Computing Machinery},
	address = {New York, NY, USA},
	url = {https://doi.org/10.1145/2695664.2695706},
	doi = {10.1145/2695664.2695706},
	booktitle = {Proceedings of the 30th Annual ACM Symposium on Applied Computing},
	pages = {609–614},
	numpages = {6},
	keywords = {QUIC, TCP, HTTP, UDP, congestion control, SPDY},
	location = {Salamanca, Spain},
	series = {SAC '15}
}

@inproceedings{mondal2017youtube,
	author = {Mondal, Abhijit and Sengupta, Satadal and Reddy, Bachu Rikith and Koundinya, M. J.V. and Govindarajan, Chander and De, Pradipta and Ganguly, Niloy and Chakraborty, Sandip},
	title = {{Candid with YouTube: Adaptive Streaming Behavior and Implications on Data Consumption}},
	year = {2017},
	isbn = {9781450350037},
	publisher = {Association for Computing Machinery},
	address = {New York, NY, USA},
	url = {https://doi.org/10.1145/3083165.3083177},
	doi = {10.1145/3083165.3083177},
	booktitle = {Proceedings of the 27th Workshop on Network and Operating Systems Support for Digital Audio and Video},
	pages = {19–24},
	numpages = {6},
	location = {Taipei, Taiwan},
	series = {NOSSDAV'17}
}

@inproceedings{balachandran2012quest,
	author = {Balachandran, Athula and Sekar, Vyas and Akella, Aditya and Seshan, Srinivasan and Stoica, Ion and Zhang, Hui},
	title = {{A Quest for an Internet Video Quality-of-Experience Metric}},
	year = {2012},
	isbn = {9781450317764},
	publisher = {Association for Computing Machinery},
	address = {New York, NY, USA},
	url = {https://doi.org/10.1145/2390231.2390248},
	doi = {10.1145/2390231.2390248},
	booktitle = {Proceedings of the 11th ACM Workshop on Hot Topics in Networks},
	pages = {97–102},
	numpages = {6},
	location = {Redmond, Washington},
	series = {HotNets-XI}
}

@inproceedings{dataset-norway,
	author = {Riiser, Haakon and Vigmostad, Paul and Griwodz, Carsten and Halvorsen, P\r{a}l},
	title = {{Commute Path Bandwidth Traces from 3G Networks: Analysis and Applications}},
	year = {2013},
	isbn = {9781450318945},
	publisher = {Association for Computing Machinery},
	address = {New York, NY, USA},
	url = {https://doi.org/10.1145/2483977.2483991},
	doi = {10.1145/2483977.2483991},
	booktitle = {Proceedings of the 4th ACM Multimedia Systems Conference},
	pages = {114–118},
	numpages = {5},
	keywords = {wireless, adaptive streaming, 3G, bitrate adaption, fluctuating bandwidth, mobile internet, bandwidth traces},
	location = {Oslo, Norway},
	series = {MMSys '13}
}

@inproceedings{kakhki2019taking,
	author = {Kakhki, Arash Molavi and Jero, Samuel and Choffnes, David and Nita-Rotaru, Cristina and Mislove, Alan},
	title = {{Taking a Long Look at QUIC: An Approach for Rigorous Evaluation of Rapidly Evolving Transport Protocols}},
	year = {2017},
	isbn = {9781450351188},
	publisher = {Association for Computing Machinery},
	address = {New York, NY, USA},
	url = {https://doi.org/10.1145/3131365.3131368},
	doi = {10.1145/3131365.3131368},
	booktitle = {Proceedings of the 2017 Internet Measurement Conference},
	pages = {290–303},
	numpages = {14},
	keywords = {QUIC, transport-layer performance},
	location = {London, United Kingdom},
	series = {IMC '17}
}

@inproceedings{Raca2019,
	author = {Raca, Darijo and Zahran, Ahmed H. and Sreenan, Cormac J. and Sinha, Rakesh K. and Halepovic, Emir and Jana, Rittwik and Gopalakrishnan, Vijay and Bathula, Balagangadhar and Varvello, Matteo},
	title = {{Empowering Video Players in Cellular: Throughput Prediction from Radio Network Measurements}},
	year = {2019},
	isbn = {9781450362979},
	publisher = {Association for Computing Machinery},
	address = {New York, NY, USA},
	url = {https://doi.org/10.1145/3304109.3306233},
	doi = {10.1145/3304109.3306233},
	booktitle = {Proceedings of the 10th ACM Multimedia Systems Conference},
	pages = {201–212},
	numpages = {12},
	keywords = {4G, throughput prediction, HAS, DASH, LTE, adaptive video streaming, mobility},
	location = {Amherst, Massachusetts},
	series = {MMSys '19}
}

@inproceedings{wang2016anatomy,
	author = {Wang, Bolun and Zhang, Xinyi and Wang, Gang and Zheng, Haitao and Zhao, Ben Y.},
	title = {{Anatomy of a Personalized Livestreaming System}},
	year = {2016},
	isbn = {9781450345262},
	publisher = {Association for Computing Machinery},
	address = {New York, NY, USA},
	url = {https://doi.org/10.1145/2987443.2987453},
	doi = {10.1145/2987443.2987453},
	booktitle = {Proceedings of the 2016 Internet Measurement Conference},
	pages = {485–498},
	numpages = {14},
	keywords = {cdn, network performance},
	location = {Santa Monica, California, USA},
	series = {IMC '16}
}

@inproceedings{wei2014low,
	author = {Wei, Sheng and Swaminathan, Viswanathan},
	title = {{Low Latency Live Video Streaming over HTTP 2.0}},
	year = {2014},
	isbn = {9781450327060},
	publisher = {Association for Computing Machinery},
	address = {New York, NY, USA},
	url = {https://doi.org/10.1145/2597176.2578277},
	doi = {10.1145/2597176.2578277},
	booktitle = {Proceedings of Network and Operating System Support on Digital Audio and Video Workshop},
	pages = {37–42},
	numpages = {6},
	keywords = {HTTP 2.0, live streaming, server push, Video streaming, live latency},
	location = {Singapore, Singapore},
	series = {NOSSDAV '14}
}

@inproceedings{pires2014dash,
	author = {Pires, Karine and Simon, Gwendal},
	title = {{DASH in Twitch: Adaptive Bitrate Streaming in Live Game Streaming Platforms}},
	year = {2014},
	isbn = {9781450332811},
	publisher = {Association for Computing Machinery},
	address = {New York, NY, USA},
	url = {https://doi.org/10.1145/2676652.2676657},
	doi = {10.1145/2676652.2676657},
	booktitle = {Proceedings of the 2014 Workshop on Design, Quality and Deployment of Adaptive Video Streaming},
	pages = {13–18},
	numpages = {6},
	keywords = {live streaming, user-generated content, video encoding},
	location = {Sydney, Australia},
	series = {VideoNext '14}
}

@inproceedings{huysegems2015http,
	author = {Huysegems, Rafael and van der Hooft, Jeroen and Bostoen, Tom and Rondao Alface, Patrice and Petrangeli, Stefano and Wauters, Tim and De Turck, Filip},
	title = {{HTTP/2-Based Methods to Improve the Live Experience of Adaptive Streaming}},
	year = {2015},
	isbn = {9781450334594},
	publisher = {Association for Computing Machinery},
	address = {New York, NY, USA},
	url = {https://doi.org/10.1145/2733373.2806264},
	doi = {10.1145/2733373.2806264},
	booktitle = {Proceedings of the 23rd ACM International Conference on Multimedia},
	pages = {541–550},
	numpages = {10},
	keywords = {server push, http/2, live streaming, video streaming, dash, spdy, latency, http adaptive streaming},
	location = {Brisbane, Australia},
	series = {MM '15}
}

@inproceedings{khalid2019sdn,
	author = {Khalid, Ahmed and Zahran, Ahmed H. and Sreenan, Cormac J.},
	title = {{An SDN-Based Device-Aware Live Video Service for Inter-Domain Adaptive Bitrate Streaming}},
	year = {2019},
	isbn = {9781450362979},
	publisher = {Association for Computing Machinery},
	address = {New York, NY, USA},
	url = {https://doi.org/10.1145/3304109.3306229},
	doi = {10.1145/3304109.3306229},
	booktitle = {Proceedings of the 10th ACM Multimedia Systems Conference},
	pages = {121–132},
	numpages = {12},
	keywords = {congestion handling, live video, video streaming, network-assisted solutions, network layer multicast, optimization models, software defined networking, ISP and CDN collaboration},
	location = {Amherst, Massachusetts},
	series = {MMSys '19}
}

@inproceedings{ASDataSet,
	author = {Leskovec, Jure and Kleinberg, Jon and Faloutsos, Christos},
	title = {{Graphs over Time: Densification Laws, Shrinking Diameters and Possible Explanations}},
	year = {2005},
	isbn = {159593135X},
	publisher = {Association for Computing Machinery},
	address = {New York, NY, USA},
	url = {https://doi.org/10.1145/1081870.1081893},
	doi = {10.1145/1081870.1081893},
	booktitle = {Proceedings of the Eleventh ACM SIGKDD International Conference on Knowledge Discovery in Data Mining},
	pages = {177–187},
	numpages = {11},
	keywords = {graph generators, graph mining, densification power laws, heavy-tailed distributions, small-world phenomena},
	location = {Chicago, Illinois, USA},
	series = {KDD '05}
}

@inproceedings{sutton1999policy,
	author = {Sutton, Richard S. and McAllester, David and Singh, Satinder and Mansour, Yishay},
	title = {{Policy Gradient Methods for Reinforcement Learning with Function Approximation}},
	year = {1999},
	publisher = {MIT Press},
	address = {Cambridge, MA, USA},
	booktitle = {Proceedings of the 12th International Conference on Neural Information Processing Systems},
	pages = {1057–1063},
	numpages = {7},
	location = {Denver, CO},
	series = {NIPS'99}
}

@COMMENT{
	==========================================================
	Journals
	==========================================================
}

@article{SPDYingupweb,
	author = {Thomas, Bryce and Jurdak, Raja and Atkinson, Ian},
	title = {{SPDYing up the Web}},
	year = {2012},
	issue_date = {December 2012},
	publisher = {Association for Computing Machinery},
	address = {New York, NY, USA},
	volume = {55},
	number = {12},
	issn = {0001-0782},
	url = {https://doi.org/10.1145/2380656.2380673},
	doi = {10.1145/2380656.2380673},
	abstract = {Improved performance and a proven deployment strategy make SPDY a potential successor to HTTP.},
	journal = {Commun. ACM},
	month = dec,
	pages = {64–73},
	numpages = {10}
}

@article{bola2-acm-mmsys2018,
	author = {Spiteri, Kevin and Sitaraman, Ramesh and Sparacio, Daniel},
	title = {{From Theory to Practice: Improving Bitrate Adaptation in the DASH Reference Player}},
	year = {2019},
	issue_date = {August 2019},
	publisher = {Association for Computing Machinery},
	address = {New York, NY, USA},
	volume = {15},
	number = {2s},
	issn = {1551-6857},
	url = {https://doi.org/10.1145/3336497},
	doi = {10.1145/3336497},
	journal = {ACM Trans. Multimedia Comput. Commun. Appl.},
	month = jul,
	articleno = {67},
	numpages = {29},
	keywords = {bitrate adaptation, video QoE, Video streaming}
}

@article{Erman,
	author = {Erman, Jeffrey and Gopalakrishnan, Vijay and Jana, Rittwik and Ramakrishnan, Kadangode K.},
	title = {{Towards a SPDY'ier Mobile Web?}},
	year = {2015},
	issue_date = {December 2015},
	publisher = {IEEE Press},
	volume = {23},
	number = {6},
	issn = {1063-6692},
	url = {https://doi.org/10.1109/TNET.2015.2462737},
	doi = {10.1109/TNET.2015.2462737},
	journal = {IEEE/ACM Trans. Netw.},
	month = dec,
	pages = {2010–2023},
	numpages = {14},
	keywords = {cellular networks, SPDY, mobile web performance, wireless protocol}
}





