@COMMENT{
	==========================================================
	IEEE
	==========================================================
}

@inproceedings{Spiteri2016,
	author={K. {Spiteri} and R. {Urgaonkar} and R. K. {Sitaraman}},
	booktitle={Proceedings of The 35th Annual IEEE International Conference on Computer Communications - IEEE INFOCOM 2016}, 
	title={BOLA: Near-optimal bitrate adaptation for online videos}, 
	year={2016},
	volume={},
	number={},
	pages={1-9},
	doi={10.1109/INFOCOM.2016.7524428},
}

@inproceedings{7247436,
	author = {Juluri, P and Tamarapalli, V and Medhi, D},
	booktitle = {Proceedings of IEEE International Conference on Communication Workshop (ICCW)},
	doi = {10.1109/ICCW.2015.7247436},
	issn = {2164-7038},
	keywords = {hypermedia;public domain software;video streaming;},
	month = {Jun},
	pages = {1765--1770},
	title = {{SARA: Segment aware rate adaptation algorithm for dynamic adaptive streaming over HTTP}},
	year = {2015}
}

@inproceedings{9155492,
	author = {Guan, Y and Zhang, Y and Wang, B and Bian, K and Xiong, X and Song, L},
	booktitle = {Proceedings of IEEE Conference on Computer Communications - IEEE INFOCOM 2020},
	doi = {10.1109/INFOCOM41043.2020.9155492},
	issn = {2641-9874},
	keywords = {quality of service;scheduling;telecommunication tr},
	mendeley-groups = {Survey},
	month = {Jul},
	pages = {1103--1112},
	title = {{PERM: Neural Adaptive Video Streaming with Multi-path Transmission}},
	year = {2020}
}

@inproceedings{krishnappa2013dashing,
	author={D. K. {Krishnappa} and D. {Bhat} and M. {Zink}},
	booktitle={Proceedings of 38th Annual IEEE Conference on Local Computer Networks - IEEE LCN 2013}, 
	title={DASHing YouTube: An analysis of using DASH in YouTube video service}, 
	year={2013},
	volume={},
	number={},
	pages={407-415},
	doi={10.1109/LCN.2013.6761273}
}

@inproceedings{sieber2015cost,
	author={C. {Sieber} and A. {Blenk} and M. {Hinteregger} and W. {Kellerer}},
	booktitle={Proceedings of IFIP/IEEE International Symposium on Integrated Network Management (IM)}, 
	title={The cost of aggressive HTTP adaptive streaming: Quantifying YouTube's redundant traffic}, 
	year={2015},
	volume={},
	number={},
	pages={1261-1267},
	doi={10.1109/INM.2015.7140478}
}

@inproceedings{seufert2015youtube,
	author={M. {Seufert} and F. {Wamser} and P. {Casas} and R. {Irmer} and P. {Tran-Gia} and R. {Schatz}},
	booktitle={Proceedings of International Wireless Communications and Mobile Computing Conference (IWCMC)}, 
	title={YouTube QoE on mobile devices: Subjective analysis of classical vs. adaptive video streaming}, 
	year={2015},
	volume={},
	number={},
	pages={43-48},
	doi={10.1109/IWCMC.2015.7289055}
}

@inproceedings{sieber2016sacrificing,
	author={C. {Sieber} and P. {Heegaard} and T. {Ho√üfeld} and W. {Kellerer}},
	booktitle={Proceedings of IFIP Networking Conference (IFIP Networking) and Workshops}, 
	title={Sacrificing efficiency for quality of experience: YouTube's redundant traffic behavior}, 
	year={2016},
	volume={},
	number={},
	pages={503-511},
	doi={10.1109/IFIPNetworking.2016.7497231}
}

@inproceedings{van2018empirical,
	author={V. Tong and H. A. Tran and S. Souihi and A. Mellouk},
	booktitle={Proceedings of 43rd Annual IEEE Conference on Local Computer Networks (LCN)}, 
	title={Empirical study for Dynamic Adaptive Video Streaming Service based on Google Transport QUIC protocol}, 
	year={2018},
	volume={},
	number={},
	pages={343-350},
	doi={10.1109/LCN.2018.8638062}
}

@inproceedings{5990550,
	author = {Mok, Ricky K P and Chan, Edmond W W and Chang, Rocky K C},
	booktitle = {Proceedings of IFIP/IEEE International Symposium on Integrated Network Management (IM 2011) and Workshops},
	doi = {10.1109/INM.2011.5990550},
	isbn = {978-1-4244-9219-0},
	issn = {1573-0077},
	keywords = {Codecs,Games,HTTP video streaming,QoE,Quality of service,Reliability,Streaming media,TCP,TV,Web sites,flash video,hypermedia,network QoS,packet loss,picture quality,quality of service,sound quality,transport protocols,video streaming},
	mendeley-groups = {Survey},
	month = {May},
	pages = {485--492},
	publisher = {IEEE},
	title = {{Measuring the quality of experience of HTTP video streaming}},
	url = {http://ieeexplore.ieee.org/document/5990550/},
	year = {2011}
}

@inproceedings{6691442,
	author = {{De Cicco}, Luca and Caldaralo, Vito and Palmisano, Vittorio and Mascolo, Saverio},
	booktitle = {Proceedings of International Packet Video Workshop},
	doi = {10.1109/PV.2013.6691442},
	isbn = {9781479921720},
	issn = {2167-969X},
	keywords = {Algorithm design and analysis,Bandwidth,Bit rate,Buffer storage,ELASTIC,HTTP,Heuristic algorithms,Internet,Internet traffic,Servers,Streaming media,TCP greedy flows,access networks,adaptive video streaming,client-side controller,dynamic adaptive streaming,feedback,feedback control theory,feedback linearization adaptive streaming controll,hypermedia,telecommunication control,telecommunication traffic,transport protocols,video distribution platforms,video streaming},
	mendeley-groups = {Survey},
	month = {Dec},
	pages = {1--8},
	publisher = {IEEE},
	title = {{ELASTIC: A Client-Side Controller for Dynamic Adaptive Streaming over HTTP (DASH)}},
	year = {2013}
}

@inproceedings{7249417,
	author = {Zhang, S and Li, B and Li, B},
	booktitle = {Proceedings of IEEE International Conference on Communications (ICC)},
	doi = {10.1109/ICC.2015.7249417},
	issn = {1938-1883},
	keywords = {transport protocols;video servers;video streaming;},
	mendeley-groups = {Survey},
	month = {Jun},
	pages = {6849--6854},
	title = {{Presto: Towards fair and efficient HTTP adaptive streaming from multiple servers}},
	year = {2015}
}

@inproceedings{6229732,
	author = {Miller, K and Quacchio, E and Gennari, G and Wolisz, A},
	booktitle = {Proceedings of International Packet Video Workshop (PV)},
	doi = {10.1109/PV.2012.6229732},
	issn = {2167-969X},
	keywords = {hypermedia;Internet;video signal processing;video},
	mendeley-groups = {Survey},
	month = {may},
	pages = {173--178},
	title = {{Adaptation algorithm for adaptive streaming over HTTP}},
	year = {2012}
}

@inproceedings{6694183,
	author = {Zhou, Chao and Lin, Chia Wen and Zhang, Xinggong and Guo, Zongming},
	booktitle = {Proceedings of Asia-Pacific Signal and Information Processing Association Annual Summit and Conference},
	doi = {10.1109/APSIPA.2013.6694183},
	isbn = {9789869000604},
	issn = {1361-6528},
	keywords = {Adaptation models,Bandwidth,DASH,Internet,Oscillators,PD control,PD controller,Predictive models,Streaming media,bandwidth prediction error,buffer based rate adaptation scheme,buffer underflow-overflow prevention,buffer-based smooth rate adaptation,continuous video playback,control buffering size,control-theoretic approach,dynamic HTTP streaming,greedy rate adaptation method,modified rate adaptation system,positive-negative bandwidth margin,proportional-derivative controller,quality of experience,quality-of-experience,rate adaptation,rate control system,serious rate oscillations,smooth bandwidth variations,telecommunication control,time-varying Internet,transport protocols,video playback,video streaming},
	mendeley-groups = {Survey},
	month = {oct},
	pages = {1--9},
	publisher = {APSIPA},
	title = {{Buffer-based smooth rate adaptation for dynamic HTTP streaming}},
	year = {2013}
}

@inproceedings{6838245,
	author = {Petrangeli, S and Claeys, M and Latr{\'{e}}, S and Famaey, J and {De Turck}, F},
	booktitle = {Proceedings of IEEE Network Operations and Management Symposium (NOMS)},
	doi = {10.1109/NOMS.2014.6838245},
	isbn = {9781479909131},
	issn = {2374-9709},
	keywords = {Bandwidth,HAS,HAS heuristics,HTTP adaptive streaming,Quality assessment,Radio frequency,Servers,Standards,Streaming media,Video recording,coordination proxy,hypertext transfer protocol,image segmentation,learning (artificial intelligence),multi-agent Q-learning-based framework,multi-agent systems,multi-client scenario,over-the-top video streaming,quality selection heuristics,reinforcement learning-based quality selection alg,system fairness,transport protocols,video segmentation,video signal processing,video storage,video streaming},
	mendeley-groups = {Survey},
	month = {may},
	pages = {1--9},
	title = {{A multi-agent Q-Learning-based framework for achieving fairness in HTTP Adaptive Streaming}},
	year = {2014}
}

@inproceedings{9155384,
	author = {Zhang, Y and Zhang, Y and Wu, Y and Tao, Y and Bian, K and Zhou, P and Song, L and Tuo, H},
	booktitle = {Proceedings of IEEE Conference on Computer Communications - IEEE INFOCOM 2020},
	doi = {10.1109/INFOCOM41043.2020.9155384},
	issn = {2641-9874},
	keywords = {image resolution;Internet;quality of experience;vi},
	mendeley-groups = {Survey},
	month = {Jul},
	pages = {1957--1966},
	title = {{Improving Quality of Experience by Adaptive Video Streaming with Super-Resolution}},
	year = {2020}
}

@inproceedings{7218642,
	author = {Chen, F and Zhang, C and Wang, F and Liu, J},
	booktitle = {Proceedings of IEEE Conference on Computer Communications (INFOCOM)},
	doi = {10.1109/INFOCOM.2015.7218642},
	issn = {0743-166X},
	keywords = {cloud computing;optimisation;outsourcing;video ser},
	mendeley-groups = {Survey},
	month = {Apr},
	pages = {2524--2532},
	title = {{Crowdsourced live streaming over the cloud}},
	year = {2015}
}

@inproceedings{6681586,
	author={B. {Zhao} and Q. {Zheng} and G. {Cao} and S. {Addepalli}},
	booktitle={Proceedings of IEEE International Conference on Distributed Computing Systems}, 
	title={Energy-Aware Web Browsing in 3G Based Smartphones}, 
	year={2013},
	volume={},
	number={},
	pages={165-175},	
	doi={10.1109/ICDCS.2013.25}
}

@inproceedings{7218493,
	author = {Hu, W and Cao, G},
	booktitle = {Proceedings of IEEE Conference on Computer Communications (INFOCOM)},
	doi = {10.1109/INFOCOM.2015.7218493},
	issn = {0743-166X},
	keywords = {power consumption;smart phones;telecommunication p},
	mendeley-groups = {Survey},
	month = {Apr},
	pages = {1185--1193},
	title = {{Energy-aware video streaming on smartphones}},
	year = {2015}
}

@inproceedings{Biswal2016,
	author={P. {Biswal} and O. {Gnawali}},
	booktitle={Proceedings of IEEE Global Communications Conference (GLOBECOM)}, 
	title={Does {QUIC} Make the Web Faster?}, 
	year={2016},
	volume={},
	number={},
	pages={1-6},
	doi={10.1109/GLOCOM.2016.7841749}
}

@inproceedings{Megyesi2016,
	author={P√©ter Megyesi and Zsolt Kr√§mer and S√°ndor Moln√°r},
	booktitle={Proceedings of the IEEE International Conference on Communications},
	title={How quick is {QUIC?}},
	year={2016},
	pages={1-6},
	month={May}
}

@inproceedings{Lychev2015,
	author = {Lychev, Robert and Jero, Samuel and Boldyreva, Alexandra and Nita-Rotaru, Cristina},
	booktitle = {Proceedings of the IEEE Symposium on Security and Privacy},
	doi = {10.1109/SP.2015.21},
	isbn = {9781467369497},
	issn = {10816011},
	mendeley-groups = {spdy-quic},
	title = {{How secure and quick is QUIC? Provable security and performance analyses}},
	year = {2015}
}

@inproceedings{Geng2015,
	author={Yeli Geng and Wenjie Hu and Yi Yang and Wei Gao and Guohong Cao},
	booktitle={Proceedings of the IEEE International Conference on Network Protocols (ICNP)}, 
	title={{Energy-Efficient Computation Offloading in Cellular Networks}}, 
	year={2015},
	volume={},
	number={},
	pages={145-155},
	doi={10.1109/ICNP.2015.20}
}

@inproceedings{zinner2017comparison,
	author={T. {Zinner} and S. {Geissler} and F. {Helmschrott} and V. {Burger}},
	booktitle={Proceedings of the IFIP/IEEE Symposium on Integrated Network and Service Management (IM)}, 
	title={{Comparison of the initial delay for video playout start for different HTTP-based transport protocols}}, 
	year={2017},
	volume={},
	number={},
	pages={1027-1030},
	doi={10.23919/INM.2017.7987428}
}

@inproceedings{detti2016tracker,
	author={Andrea Detti and Bruno Ricci and Nicola Blefari-Melazzi},
	booktitle={Proceedings of The 35th Annual IEEE International Conference on Computer Communications - IEEE INFOCOM 2016}, 
	title={{Tracker-assisted rate adaptation for MPEG DASH live streaming}}, 
	year={2016},
	volume={},
	number={},
	pages={1-9},
	doi={10.1109/INFOCOM.2016.7524620}
}

@inproceedings{payberah2012clive,
	author={Amir H. Payberah and Hanna Kavalionak and Vimalkumar Kumaresan and Alberto Montresor and Seif Haridi},
	booktitle={Proceedings of The IEEE International Conference on Peer-to-Peer Computing (P2P)}, 
	title={{CLive: Cloud-assisted P2P live streaming}}, 
	year={2012},
	volume={},
	number={},
	pages={79-90},
	doi={10.1109/P2P.2012.6335820}
}

@inproceedings{ICN-DASH,
	author={Stefan Lederer and Christopher Mueller and Benjamin Rainer and Christian Timmerer and Hermann Hellwagner},
	booktitle={Proceedings of The IEEE International Conference on Multimedia and Expo (ICME)}, 
	title={An experimental analysis of Dynamic Adaptive Streaming over HTTP in Content Centric Networks}, 
	year={2013},
	volume={},
	number={},
	pages={1-6},
	doi={10.1109/ICME.2013.6607500}
}

@inproceedings{kiedanski2019youtube,
	author={Diego Kiedanski and Mateo Nogueira and Eduardo Gramp√≠n},
	booktitle={Proceedings of The IEEE Conference on Computer Communications Workshops - IEEE INFOCOM 2019 (INFOCOM WKSHPS)}, 
	title={{Youtube traffic from the perspective of a developing country: the case of Uruguay}}, 
	year={2019},
	volume={},
	number={},
	pages={714-719},
	doi={10.1109/INFCOMW.2019.8845096}
}



@COMMENT{
	==========================================================
	Journals
	==========================================================
}

@article{5677508,
	author = {Begen, A and Akgul, T and Baugher, M},
	doi = {10.1109/MIC.2010.155},
	issn = {1941-0131},
	journal = {IEEE Internet Computing},
	keywords = {HTTP streaming,Internet,Mobile handsets,Motion pictures,Streaming media,TV broadcast,US consumer,Web and internet services,Web protocols,Web video,adaptive streaming,digital TV,digital video broadcasting,digital video recorder,movie downloads,streaming,streaming technologies,video recording,video streaming},
	mendeley-groups = {Survey},
	month = {March},
	number = {2},
	pages = {54--63},
	title = {{Watching Video over the Web: Part 1: Streaming Protocols}},
	volume = {15},
	year = {2011}
}

@article{7393865,
	author = {Zhou, C and Lin, C and Guo, Z},
	doi = {10.1109/TMM.2016.2522650},
	issn = {1941-0077},
	journal = {IEEE Transactions on Multimedia},
	keywords = {computational complexity;decision making;greedy al},
	month = {Apr},
	number = {4},
	pages = {738--751},
	title = {{mDASH: A Markov Decision-Based Rate Adaptation Approach for Dynamic HTTP Streaming}},
	volume = {18},
	year = {2016}
}

@article{140405,
	author = {Li, Z and Zhu, X and Gahm, J and Pan, R and Hu, H and Begen, A C and Oran, D},
	doi = {10.1109/JSAC.2014.140405},
	issn = {1558-0008},
	journal = {IEEE Journal on Selected Areas in Communications},
	keywords = {Adaptation models,Bandwidth,Bit rate,CDN,DASH,HAS,HTTP Adaptive Streaming,HTTP based adaptive streaming,HTTP video streaming,Internet,NAT traversal,Oscillators,PANDA,Probes,Streaming media,TCP,TCP congestion control,Throughput,Video,bandwidth sharing,client side rate adaptation algorithm,closed loop adaptation,firewall,hypermedia,network traffic,probe and adapt principle,telecommunication congestion c,telecommunication congestion control,telecommunication traffic,transport protocols,video bitrate adaptivity,video coding,video encoding,video streaming},
	mendeley-groups = {Survey},
	month = {Apr},
	number = {4},
	pages = {719--733},
	title = {{Probe and Adapt: Rate Adaptation for HTTP Video Streaming At Scale}},
	volume = {32},
	year = {2014}
}

@article{6757893ieeeexp,
	author={J. J. {Ramos-munoz} and J. {Prados-Garzon} and P. {Ameigeiras} and J. {Navarro-Ortiz} and J. M. {Lopez-soler}},
	journal={IEEE Wireless Communications}, 
	title={Characteristics of mobile youtube traffic}, 
	year={2014},
	volume={21},
	number={1},
	pages={18-25},
	doi={10.1109/MWC.2014.6757893}
}

@article{7129790ieeeexp,
	author={X. {Che} and B. {Ip} and L. {Lin}},
	journal={IEEE MultiMedia}, 
	title={A Survey of Current YouTube Video Characteristics}, 
	year={2015},
	volume={22},
	number={2},
	pages={56-63},
	doi={10.1109/MMUL.2015.34}
}

@article{1386243,
	author = {Zink, M and Schmitt, J and Steinmetz, R},
	doi = {10.1109/TMM.2004.840595},
	issn = {1941-0077},
	journal = {IEEE Transactions on Multimedia},
	keywords = {transport protocols;video coding;statistical analysis;video on demand;video streaming;Internet;cache storage;transmission control protocol;TCP-friendly streaming;layer-encoded video;cached video;peak signal-to-noise ratio;retransmission scheduling;scalable adaptive streaming;Streaming media;Scalability;Multimedia communication;Information technology;PSNR;Control systems;Computer science;Web and internet services;Protocols;Statistical analysis},
	mendeley-groups = {Survey},
	month = {Feb},
	number = {1},
	pages = {75--84},
	title = {{Layer-encoded video in scalable adaptive streaming}},
	volume = {7},
	year = {2005}
}

@article{8048013,
	author = {Gadaleta, M and Chiariotti, F and Rossi, M and Zanella, A},
	doi = {10.1109/TCCN.2017.2755007},
	issn = {2332-7731},
	journal = {IEEE Transactions on Cognitive Communications and Networking},
	keywords = {feedforward neural nets;hypermedia;learning (artif},
	mendeley-groups = {Survey},
	month = {Dec},
	number = {4},
	pages = {703--718},
	title = {{D-DASH: A Deep Q-Learning Framework for DASH Video Streaming}},
	volume = {3},
	year = {2017}
}

@article{sutton1999policy,
	title={Policy gradient methods for reinforcement learning with function approximation},
	author={Sutton, Richard S and McAllester, David and Singh, Satinder and Mansour, Yishay},
	journal={Advances in neural information processing systems},
	volume={12},
	pages={1057--1063},
	year={1999}
}

@article{Erman,
	title={Towards a {SPDY}‚Äôier mobile web?},
	author={Erman, Jeffrey and Gopalakrishnan, Vijay and Jana, Rittwik and Ramakrishnan, Kadangode K},
	journal={IEEE/ACM Transactions on Networking},
	volume={23},
	number={6},
	pages={2010--2023},
	year={2015},
	publisher={IEEE}
}

@article{Cui2017,
	title={Innovating transport with {QUIC}: Design approaches and research challenges},
	author={Cui, Yong and Li, Tianxiang and Liu, Cong and Wang, Xingwei and K{\"u}hlewind, Mirja},
	journal={IEEE Internet Computing},
	volume={21},
	number={2},
	pages={72--76},
	year={2017},
	publisher={IEEE}
}

@article{Yang2018,
	author={Yi Yang and Guohong Cao},
	journal={IEEE Transactions on Wireless Communications}, 
	title={{Prefetch-Based Energy Optimization on Smartphones}}, 
	year={2018},
	volume={17},
	number={1},
	pages={693-706},
	doi={10.1109/TWC.2017.2769646}
}

@article{shen2013dht,
	author={Haiying Shen and Ze Li and Jin Li},
	journal={IEEE Transactions on Parallel and Distributed Systems}, 
	title={{A DHT-Aided Chunk-Driven Overlay for Scalable and Efficient Peer-to-Peer Live Streaming}}, 
	year={2013},
	volume={24},
	number={11},
	pages={2125-2137},
	doi={10.1109/TPDS.2012.302}
}

@article{wang2014migration,
	author={Feng Wang and Jiangchuan Liu and Minghua Chen and Haiyang Wang},
	journal={IEEE/ACM Transactions on Networking}, 
	title={Migration Towards Cloud-Assisted Live Media Streaming}, 
	year={2016},
	volume={24},
	number={1},
	pages={272-282},
	doi={10.1109/TNET.2014.2362541}
}

