@COMMENT{
	==========================================================
	techreport
	==========================================================
}

@techreport{ISO/IEC23009-1:2019,
	type = {Standard},
	title = {Information technology — Dynamic adaptive streaming over HTTP (DASH) — Part 1: Media presentation description and segment formats},
	shorttitle = {{ISO}/{IEC} 23009-1:2019},
	url = {https://www.iso.org/standard/79329.html},
	language = {en},
	number = {ISO/IEC 23009-1:2019},
	institution = {International Organization for Standardization},
	author = {{ISO Central Secretary}},
	year = {2016}
}

@techreport{CISCO2019,
	author = {Cisco},
	title = {{Cisco Visual Networking Index: Global Mobile Data Traffic Forecast Update, 2017-2022}},
	year = {2019},
}

@COMMENT{
	==========================================================
	MISC
	==========================================================
}

@misc{monsoonmonitor,
	title = {Monsoon power monitor},
	howpublished = {\url{https://www.msoon.com/LabEquipment/PowerMonitor/}},
	note = {Last accessed: December 2020}
}

@misc{nfqueue,
	title={{Netfilter Queue}},
	howpublished = {\url{https://www.netfilter.org/projects/libnetfilter_queue/}},
	note = {Last accessed: December 2020}
}

@misc{itag,
	title={{Youtube Format IDs}},
	howpublished = {\url{https://gist.github.com/AgentOak/34d47c65b1d28829bb17c24c04a0096}},
	alternative = {https://gist.github.com/AgentOak/34d47c65b1d28829bb17c24c04a0096f},
	note = {Last accessed: December 2020}
}

@misc{roskind2015quic,
	title={{QUIC}: Design document and specification rational},
	author={Roskind, Jim},
	year={2015},
	note = {Last accessed: December 2020}
}

@misc{dataset-fcc,
	author = {{Federal Communications Commission}},
	title = {{Raw Data - Measuring Broadband America - Eighth Report}},
	howpublished = "\url{https://www.fcc.gov/reports-research/reports/measuring-broadband-america/raw-data-measuring-broadband-america-eighth}",
	year = {2018}, 
	note = {Last accessed: December 2020}
}

@misc{HVPM,
	title = {{High Voltage Power Monitor}},
	howpublished = {\url{https://www.msoon.com/high-voltage-power-monitor}},
	note = {Last accessed: December 2020}
}

@misc{Mobstat_2019,
	title = {{How Much Does Mobile Data Cost Around the World?}},
	howpublished = {\url{https://howmuch.net/articles/the-price-of-mobile-internet-worldwide-2019}},
	note = {Last accessed: December 2020}
}

@misc{Poor_Inf_2019_2,
	title = {{Still buffering: India low on 4G speed}},
	howpublished = {\url{https://economictimes.indiatimes.com/tech/internet/still-buffering-india-low-on-4g-speed/articleshow/65001463.cms?from=mdr}},
	month = {July},
	year = {2018},
	note = {Last accessed: December 2020}
}

@misc{multicastAbrCablelabs,
	title = {{IP Multicast Adaptive Bit Rate Architecture Technical Report}},
	howpublished = {\url{https://community.cablelabs.com/wiki/plugins/servlet/cablelabs/alfresco/download?id=51b3c11a-3ba4-40ab-b234-42700e0d4669;1.0}},
	note = {Last accessed: December 2020}
}


@COMMENT{
	==========================================================
	BOOK
	==========================================================
}

@book{P-1066,
	author={Bellman, Richard},
	title={{A Markovian decision process}},
	year={1957},
	doi={},
	publisher={Technical report, DTIC Document}
}

@book{witten2016data,
	author = {Ian H. Witten and Eibe Frank and Mark A. Hall and Christopher J. Pal},
	title = {{Data Mining: Practical Machine Learning Tools and Techniques}},
	publisher = {Morgan Kaufmann},
	year = 2016,
	address = {Burlington, MA},
	edition = 4,
	http = {http://www.cs.waikato.ac.nz/~ml/weka/book.html}
}

@article{mannwhitney,
	title={{The Mann-Whitney U: A test for assessing whether two independent samples come from the same distribution}},
	author={Nachar, Nadim and others},
	journal={Tutorials in quantitative Methods for Psychology},
	volume={4},
	number={1},
	pages={13--20},
	year={2008}
}

@inproceedings{jain1999throughput,
	title={{Throughput fairness index: An explanation}},
	author={Jain, Raj and Durresi, Arjan and Babic, Gojko},
	booktitle={ATM Forum contribution},
	volume={99},
	number={45},
	year={1999}
}