@misc{alimi2014application,
	series =	{Request for Comments},
	number =	7285,
	howpublished =	{RFC 7285},
	publisher =	{RFC Editor},
	doi =		{10.17487/RFC7285},
	url =		{https://rfc-editor.org/rfc/rfc7285.txt},
	author =	{Alimi, Richard and Penno, R and Yang, Y and Kiesel, S and Previdi, S and Roome, W and Shalunov, S and Woundy, R},
	title =		{Application-layer traffic optimization ({ALTO}) protocol},
	pagetotal =	91,
	year =		2014,
	month =		Sept,
}

@misc{rfc5389_stun,
	series =	{Request for Comments},
	number =	5389,
	howpublished =	{RFC 5389},
	publisher =	{RFC Editor},
	doi =		{10.17487/RFC5389},
	url =		{https://rfc-editor.org/rfc/rfc5389.txt},
	author =	{Philip Matthews and Jonathan Rosenberg and Dan Wing and Rohan Mahy},
	title =		{{Session Traversal Utilities for NAT (STUN)}},
	pagetotal =	51,
	year =		2008,
	month =		Oct,
}

@misc{rfc5766_turn,
	series =	{Request for Comments},
	number =	5766,
	howpublished =	{RFC 5766},
	publisher =	{RFC Editor},
	doi =		{10.17487/RFC5766},
	url =		{https://rfc-editor.org/rfc/rfc5766.txt},
	author =	{Philip Matthews and Jonathan Rosenberg and Rohan Mahy},
	title =		{{Traversal Using Relays around NAT (TURN): Relay Extensions to Session Traversal Utilities for NAT (STUN)}},
	pagetotal =	67,
	year =		2010,
	month =		Apr
}
