@COMMENT{
	==========================================================
	Journals
	==========================================================
}
@article{wamser2016modeling,
	title = {Modeling the YouTube stack: From packets to quality of experience},
	journal = {Computer Networks},
	volume = {109},
	pages = {211 - 224},
	year = {2016},
	//note = {Traffic and Performance in the Big Data Era},
	issn = {1389-1286},
	doi = {https://doi.org/10.1016/j.comnet.2016.03.020},
	url = {http://www.sciencedirect.com/science/article/pii/S1389128616300925},
	author = {Florian Wamser and Pedro Casas and Michael Seufert and Christian Moldovan and Phuoc Tran-Gia and Tobias Hossfeld},
	keywords = {YouTube, Progressive streaming, Flow control, Network traffic modeling, Quality of experience assessment, DASH}
}

@article{jones2009kumaraswamy,
	title={Kumaraswamyâ€™s distribution: A beta-type distribution with some tractability advantages},
	author={Jones, MC},
	journal={Statistical Methodology},
	volume={6},
	number={1},
	pages={70--81},
	year={2009},
	publisher={Elsevier}
}

@article{bakri2015http,
	title = {HTTP/2 and QUIC for Virtual Worlds and the 3D Web?},
	journal = {Procedia Computer Science},
	volume = {56},
	pages = {242 - 251},
	year = {2015},
	note = {The 10th International Conference on Future Networks and Communications (FNC 2015) / The 12th International Conference on Mobile Systems and Pervasive Computing (MobiSPC 2015) Affiliated Workshops},
	issn = {1877-0509},
	doi = {https://doi.org/10.1016/j.procs.2015.07.204},
	url = {http://www.sciencedirect.com/science/article/pii/S1877050915016853},
	author = {Hussein Bakri and Colin Allison and Alan Miller and Iain Oliver},
	keywords = {HTTP/2, SPDY, QUIC, Multi-User Virtual World, Web-Based Virtual World},
}