@COMMENT{
	==========================================================
	SPRINGER
	==========================================================
}

@article{breiman2001random,
	author = {Leo Breiman},
	journal = {Machine Learning},
	doi = {10.1023/A:1010933404324},
	number = {1},
	pages = {5-32},
	title = {{Random Forests}},
	volume = {45},
	year = {2001}
}