@inproceedings{ASDataSet,
	author = {Leskovec, Jure and Kleinberg, Jon and Faloutsos, Christos},
	title = {Graphs over Time: Densification Laws, Shrinking Diameters and Possible Explanations},
	booktitle = {ACM SIGKDD},
	year = {2005},
	pages = {177--187},
	numpages = {11},
}

@article{zhang2012survey,
	title={A survey of peer-to-peer live video streaming schemes--an algorithmic perspective},
	author={Zhang, Xiangyang and Hassanein, Hossam},
	journal={Computer Networks},
	volume={56},
	number={15},
	pages={3548--3579},
	year={2012},
	publisher={Elsevier}
}

@inproceedings{payberah2012clive,
	title={Clive: Cloud-assisted p2p live streaming},
	author={Payberah, Amir H and Kavalionak, Hanna and Kumaresan, Vimalkumar and Montresor, Alberto and Haridi, Seif},
	booktitle={IEEE P2P},
	pages={79--90},
	year={2012}
}

@article{wang2014migration,
	title={Migration towards cloud-assisted live media streaming},
	author={Wang, Feng and Liu, Jiangchuan and Chen, Minghua and Wang, Haiyang},
	journal={IEEE/ACM Transactions on networking},
	volume={24},
	number={1},
	pages={272--282},
	year={2014},
	publisher={IEEE}
}

@inproceedings{detti2016tracker,
	title={Tracker-assisted rate adaptation for {MPEG DASH} live streaming},
	author={Detti, Andrea and Ricci, Bruno and Blefari-Melazzi, Nicola},
	booktitle={IEEE INFOCOM},
	pages={1--9},
	year={2016}
}

@inproceedings{abedini2013realtime,
	title={Realtime streaming with guaranteed {QoS} over wireless {D2D} networks},
	author={Abedini, Navid and Sampath, Swetha and Bhattacharyya, Rajarshi and Paul, Suman and Shakkottai, Srinivas},
	booktitle={ACM MobiHOC},
	pages={197--206},
	year={2013}
}

@article{kim2015quality,
	title={Quality-aware streaming and scheduling for device-to-device video delivery},
	author={Kim, Joongheon and Caire, Giuseppe and Molisch, Andreas F},
	journal={IEEE/ACM ToN},
	volume={24},
	number={4},
	pages={2319--2331},
	year={2015},
	publisher={IEEE}
}

@article{gao2018multi,
	title={Multi-user cooperative mobile video streaming: Performance analysis and online mechanism design},
	author={Gao, Lin and Tang, Ming and Pang, Haitian and Huang, Jianwei and Sun, Lifeng},
	journal={IEEE TMC},
	volume={18},
	number={2},
	pages={376--389},
	year={2018},
	publisher={IEEE}
}

@inproceedings{wei2014low,
	title={Low latency live video streaming over {HTTP} 2.0},
	author={Wei, Sheng and Swaminathan, Viswanathan},
	booktitle={ACM NOSSDAV},
	pages={37},
	year={2014},
}

@inproceedings{pires2014dash,
	title={Dash in twitch: Adaptive bitrate streaming in live game streaming platforms},
	author={Pires, Karine and Simon, Gwendal},
	booktitle={ACM VideoNext},
	pages={13--18},
	year={2014},
}

@article{sodagar2011mpeg,
	title={The mpeg-dash standard for multimedia streaming over the internet},
	author={Sodagar, Iraj},
	journal={IEEE multimedia},
	volume={18},
	number={4},
	pages={62--67},
	year={2011},
}

@inproceedings{tang2016meerkat,
	title={Meerkat and periscope: I stream, you stream, apps stream for live streams},
	author={Tang, John C and Venolia, Gina and Inkpen, Kori M},
	booktitle={ACM CHI},
	pages={4770--4780},
	year={2016},
}

@inproceedings{wang2016anatomy,
	title={Anatomy of a personalized livestreaming system},
	author={Wang, Bolun and Zhang, Xinyi and Wang, Gang and Zheng, Haitao and Zhao, Ben Y},
	booktitle={ACM IMC},
	pages={485--498},
	year={2016},
}

@inproceedings{huang2012confused,
	title={Confused, timid, and unstable: picking a video streaming rate is hard},
	author={Huang, Te-Yuan and Handigol, Nikhil and Heller, Brandon and McKeown, Nick and Johari, Ramesh},
	booktitle={ACM IMC},
	pages={225--238},
	year={2012},
}

@inproceedings{roverso2013http,
	title={On {HTTP} live streaming in large enterprises},
	author={Roverso, Roberto and El-Ansary, Sameh and H{\"o}gqvist, Mikael},
	booktitle={ACM SIGCOMM Computer Communication Review},
	volume={43},
	number={4},
	pages={489--490},
	year={2013},
}

@inproceedings{maier2009dominant,
	title={On dominant characteristics of residential broadband internet traffic},
	author={Maier, Gregor and Feldmann, Anja and Paxson, Vern and Allman, Mark},
	booktitle={ACM IMC},
	pages={90--102},
	year={2009},
}

@inproceedings{trevisan2018five,
	title={Five years at the edge: watching internet from the ISP network},
	author={Trevisan, Martino and Giordano, Danilo and Drago, Idilio and Mellia, Marco and Munafo, Maurizio},
	booktitle={ACM CoNEXT},
	pages={1--12},
	year={2018},
}

@inproceedings{khalid2019sdn,
	title={An {SDN}-based device-aware live video service for inter-domain adaptive bitrate streaming},
	author={Khalid, Ahmed and Zahran, Ahmed H and Sreenan, Cormac J},
	booktitle={ACM MMSys},
	pages={121--132},
	year={2019},
}

@article{yan2018understanding,
	title={On the understanding of video streaming viewing behaviors across different content providers},
	author={Yan, Huan and Lin, Tzu-Heng and Gao, Chuhan and Li, Yong and Jin, Depeng},
	journal={IEEE TNSM},
	volume={15},
	number={1},
	pages={444--457},
	year={2018},
	publisher={IEEE}
}

@inproceedings{da2018muslin,
	title={{MUSLIN} demo: high {QoE} fair multi-source live streaming},
	author={Da Silva, Simon and Bruneau-Queyreix, Joachim and Lacaud, Mathias and N{\'e}gru, Daniel and R{\'e}veill{\`e}re, Laurent},
	booktitle={ACM MMSys},
	pages={529--532},
	year={2018},
}

@article{spiteri2019theory,
	title={From theory to practice: Improving bitrate adaptation in the {DASH} reference player},
	author={Spiteri, Kevin and Sitaraman, Ramesh and Sparacio, Daniel},
	journal={ACM TOMM },
	volume={15},
	number={2s},
	pages={67},
	year={2019},
	publisher={ACM}
}

@article{bruneau2018pms,
	title={{PMS}: A Novel Scale-Adaptive and Quality-Adaptive Hybrid {P2P}/Multisource Solution for Live Streaming},
	author={Bruneau-Queyreix, Joachim and Batalla, Jordi Mongay and Lacaud, Mathias and Negru, Daniel},
	journal={ACM TOMM},
	volume={14},
	number={2s},
	pages={35},
	year={2018},
	publisher={ACM}
}

@article{yan2018spatial,
	title={Spatial popularity and similarity of watching videos in large-scale urban environment},
	author={Yan, Huan and Liu, Jiaqiang and Li, Yong and Jin, Depeng and Chen, Sheng},
	journal={IEEE TNSM},
	volume={15},
	number={2},
	pages={797--810},
	year={2018},
	publisher={IEEE}
}

@inproceedings{li2015user,
	title={User behavior characterization of a large-scale mobile live streaming system},
	author={Li, Zhenyu and Xie, Gaogang and Kaafar, Mohamed Ali and Salamatian, Kave},
	booktitle={WWW},
	pages={307--313},
	year={2015}
}

@inproceedings{cherkasova2002characterizing,
	title={Characterizing locality, evolution, and life span of accesses in enterprise media server workloads},
	author={Cherkasova, Ludmila and Gupta, Minaxi},
	booktitle={ACM NOSSDAV},
	pages={33--42},
	year={2002},
}

@article{le2016microcast,
	title={{MicroCast}: Cooperative video streaming using cellular and local connections},
	author={Le, Anh and Keller, Lorenzo and Seferoglu, Hulya and Cici, Blerim and Fragouli, Christina and Markopoulou, Athina},
	journal={IEEE/ACM ToN},
	volume={24},
	number={5},
	pages={2983--2999},
	year={2016},
	publisher={IEEE Press}
}

@inproceedings{jahed2016scalable,
	title={Scalable multimedia streaming in wireless networks with device-to-device cooperation},
	author={Jahed, Karim and Sharafeddine, Sanaa and Moussawi, Abdallah and Abou Daya, Abbas and Dbouk, Hassan and Kassir, Saadallah and Dawy, Zaher and Valsalan, Preethi and Cherif, Wael and Filali, Fethi},
	booktitle={ACM MM},
	pages={762--764},
	year={2016},
}

@article{alimi2014application,
	title={Application-layer traffic optimization ({ALTO}) protocol},
	author={Alimi, Richard and Penno, R and Yang, Y and Kiesel, S and Previdi, S and Roome, W and Shalunov, S and Woundy, R},
	journal={RFC 7285},
	year={2014}
}

@misc{rfc5389_stun,
	series =	{Request for Comments},
	number =	5389,
	howpublished =	{RFC 5389},
	publisher =	{RFC Editor},
	doi =		{10.17487/RFC5389},
	url =		{https://rfc-editor.org/rfc/rfc5389.txt},
	author =	{Philip Matthews and Jonathan Rosenberg and Dan Wing and Rohan Mahy},
	title =		{{Session Traversal Utilities for NAT (STUN)}},
	pagetotal =	51,
	year =		2008,
	month =		oct,
}

@misc{rfc5766_turn,
	series =	{Request for Comments},
	number =	5766,
	howpublished =	{RFC 5766},
	publisher =	{RFC Editor},
	doi =		{10.17487/RFC5766},
	url =		{https://rfc-editor.org/rfc/rfc5766.txt},
	author =	{Philip Matthews and Jonathan Rosenberg and Rohan Mahy},
	title =		{{Traversal Using Relays around NAT (TURN): Relay Extensions to Session Traversal Utilities for NAT (STUN)}},
	pagetotal =	67,
	year =		2010,
	month =		apr
}


@article{bajpai2017measuring,
	title={Measuring YouTube content delivery over {IPv6}},
	author={Bajpai, Vaibhav and Ahsan, Saba and Sch{\"o}nw{\"a}lder, J{\"u}rgen and Ott, J{\"o}rg},
	journal={ACM SIGCOMM Computer Communication Review},
	volume={47},
	number={5},
	pages={2--11},
	year={2017},
	publisher={ACM New York, NY, USA}
}

@inproceedings{zinner2017comparison,
	title={Comparison of the initial delay for video playout start for different {HTTP}-based transport protocols},
	author={Zinner, Thomas and Geissler, Stefan and Helmschrott, Fabian and Burger, Valentin},
	booktitle={IEEE IM},
	pages={1027--1030},
	year={2017}
}

@article{cheng2012coordinate,
	title={Coordinate live streaming and storage sharing for social media content distribution},
	author={Cheng, Xu and Liu, Jiangchuan and Wang, Haiyang and Wang, Chonggang},
	journal={IEEE Transactions on Multimedia},
	volume={14},
	number={6},
	pages={1558--1565},
	year={2012},
	publisher={IEEE}
}

@article{saleh2016performance,
	title={Performance analysis of network-coding-based {P2P} live streaming systems},
	author={Saleh, Bassel and Qiu, Dongyu and Saleh, Bassel and Qiu, Dongyu},
	journal={IEEE/ACM ToN},
	volume={24},
	number={4},
	pages={2140--2153},
	year={2016},
	publisher={IEEE Press}
}

@inproceedings{wu2009queuing,
	title={Queuing network models for multi-channel {P2P} live streaming systems},
	author={Wu, Di and Liu, Yong and Ross, Keith},
	booktitle={IEEE INFOCOM},
	pages={73--81},
	year={2009},
}

@inproceedings{Roverso:2015,
	author = {Roverso, Roberto and Reale, Riccardo and El-Ansary, Sameh and Haridi, Seif},
	title = {{SmoothCache 2.0: CDN}-quality Adaptive {HTTP} Live Streaming on Peer-to-peer Overlays},
	booktitle = {ACM MMSys},
	year = {2015},
	pages = {61--72}
} 


@article{shen2013dht,
	title={A {DHT}-aided chunk-driven overlay for scalable and efficient peer-to-peer live streaming},
	author={Shen, Haiying and Li, Ze and Li, Jin},
	journal={IEEE TPDS},
	volume={24},
	number={11},
	pages={2125--2137},
	year={2013}
}


@inproceedings{dougherty2011live,
	title={Live-streaming mobile video: production as civic engagement},
	author={Dougherty, Audubon},
	booktitle={MobileHCI},
	pages={425--434},
	year={2011}
}

@inproceedings{stockhammer2011dynamic,
	title={Dynamic adaptive streaming over {HTTP} --: standards and design principles},
	author={Stockhammer, Thomas},
	booktitle={ACM MMSys},
	pages={133--144},
	year={2011},
}

@inproceedings{huysegems2015http,
	title={{HTTP/2}-based methods to improve the live experience of adaptive streaming},
	author={Huysegems, Rafael and Van Der Hooft, Jeroen and Bostoen, Tom and Rondao Alface, Patrice and Petrangeli, Stefano and Wauters, Tim and De Turck, Filip},
	booktitle={ACM MM},
	pages={541--550},
	year={2015},
}

@inproceedings{pires2015youtube,
	title={{YouTube} live and {Twitch}: a tour of user-generated live streaming systems},
	author={Pires, Karine and Simon, Gwendal},
	booktitle={ACM MMSys},
	pages={225--230},
	year={2015}
}

@article{wang2009mtreebone,
	title={mtreebone: A collaborative tree-mesh overlay network for multicast video streaming},
	author={Wang, Feng and Xiong, Yongqiang and Liu, Jiangchuan},
	journal={IEEE Transactions on Parallel and Distributed Systems},
	volume={21},
	number={3},
	pages={379--392},
	year={2009}
}

@inproceedings{kaheel2009mobicast,
	title={Mobicast: a system for collaborative event casting using mobile phones},
	author={Kaheel, Ayman and El-Saban, Motaz and Refaat, Mahmoud and Ezz, Mostafa},
	booktitle={ACM MUM},
	pages={1--8},
	year={2009}
}

@article{dai2012collaborative,
	title={Collaborative caching in wireless video streaming through resource auctions},
	author={Dai, Jie and Liu, Fangming and Li, Bo and Li, Baochun and Liu, Jiangchuan},
	journal={IEEE Journal on Selected Areas in Communications},
	volume={30},
	number={2},
	pages={458--466},
	year={2012},
	publisher={IEEE}
}



@inproceedings{wang2012calms,
	title={{CALMS}: Cloud-assisted live media streaming for globalized demands with time/region diversities},
	author={Wang, Feng and Liu, Jiangchuan and Chen, Minghua},
	booktitle={IEEE INFOCOM},
	pages={199--207},
	year={2012},
	organization={Citeseer}
}

@inproceedings{roverso2015smoothcache,
	title={{SmoothCache} 2.0: {CDN}-quality adaptive {HTTP} live streaming on peer-to-peer overlays},
	author={Roverso, Roberto and Reale, Riccardo and El-Ansary, Sameh and Haridi, Seif},
	booktitle={ACM MMSys},
	pages={61--72},
	year={2015}
}

@article{merani2016adaptive,
	title={Adaptive streaming in {P2P} live video systems: A distributed rate control approach},
	author={Merani, Maria Luisa and Natali, Laura},
	journal={ACM TOMM},
	volume={12},
	number={3},
	pages={46},
	year={2016}
}

@inproceedings{pellicone2017game,
	title={The Game of Performing Play: Understanding streaming as cultural production},
	author={Pellicone, Anthony J and Ahn, June},
	booktitle={ACM CHI},
	pages={4863--4874},
	year={2017}
}

@inproceedings{weisz2007watching,
	title={Watching together: integrating text chat with video},
	author={Weisz, Justin D and Kiesler, Sara and Zhang, Hui and Ren, Yuqing and Kraut, Robert E and Konstan, Joseph A},
	booktitle={ACM CHI},
	pages={877--886},
	year={2007}
}


@inproceedings{hamilton2014streaming,
	title={Streaming on twitch: fostering participatory communities of play within live mixed media},
	author={Hamilton, William A and Garretson, Oliver and Kerne, Andruid},
	booktitle={ACM CHI},
	pages={1315--1324},
	year={2014}
}

@inproceedings{Pensieve,
	author = {Mao, Hongzi and Netravali, Ravi and Alizadeh, Mohammad},
	booktitle = {ACM SIGCOMM},
	title = {{Neural Adaptive Video Streaming with Pensieve}},
	year = {2017}
}


@InProceedings{ac3-mniha16,
	title = 	 {Asynchronous Methods for Deep Reinforcement Learning},
	author = 	 {Volodymyr Mnih and Adria Puigdomenech Badia and Mehdi Mirza and Alex Graves and Timothy Lillicrap and Tim Harley and David Silver and Koray Kavukcuoglu},
	booktitle = 	 {ICML},
	pages = 	 {1928--1937},
	year = 	 {2016},
}

@inproceedings{dataset-norway,
	author = {Riiser, Haakon and Vigmostad, Paul and Griwodz, Carsten and Halvorsen, P{\aa}l},
	title = {Commute Path Bandwidth Traces from {3G} Networks: Analysis and Applications},
	booktitle = {ACM MMSys},
	year = {2013},
	pages = {114--118},
} 

@misc{dataset-fcc,
	author = {Federal Communications Commission},
	title = {{Raw Data - Measuring Broadband America - Eighth Report}},
	howpublished = "\url{https://www.fcc.gov/reports-research/reports/measuring-broadband-america/raw-data-measuring-broadband-america-eighth}",
	year = {2018}, 
	note = "[accessed \today]"
}

@inproceedings {mahimahi,
	author = {Ravi Netravali and Anirudh Sivaraman and Somak Das and Ameesh Goyal and Keith Winstein and James Mickens and Hari Balakrishnan},
	title = {Mahimahi: Accurate Record-and-Replay for {HTTP}},
	booktitle = {USENIX ATC},
	year = {2015},
	pages = {417--429}
}

@book{hagan1996neural,
	title={Neural network design},
	author={Hagan, Martin T and Demuth, Howard B and Beale, Mark H and De Jes{\'u}s, Orlando},
	volume={20},
	year={1996},
	publisher={Pws Pub. Boston}
}

@inproceedings{sengupta2018hotdash,
	title={HotDASH: Hotspot Aware Adaptive Video Streaming Using Deep Reinforcement Learning},
	author={Sengupta, Satadal and Ganguly, Niloy and Chakraborty, Sandip and De, Pradipta},
	booktitle={IEEE ICNP},
	pages={165--175},
	year={2018}
}

@inproceedings{jain1999throughput,
	title={Throughput fairness index: An explanation},
	author={Jain, Raj and Durresi, Arjan and Babic, Gojko},
	booktitle={ATM Forum contribution},
	volume={99},
	number={45},
	year={1999}
}

BibTeX | EndNote | ACM Ref

@inproceedings{bola2-acm-mmsys2018,
	author = {Spiteri, Kevin and Sitaraman, Ramesh and Sparacio, Daniel},
	title = {From Theory to Practice: Improving Bitrate Adaptation in the {DASH} Reference Player},
	booktitle = {ACM MMSys},
	year = {2018},
	pages = {123--137}
} 

@INPROCEEDINGS{bola1-infocom-2016,
	author={K. {Spiteri} and R. {Urgaonkar} and R. K. {Sitaraman}},
	booktitle={IEEE INFOCOM},
	title={{BOLA}: Near-optimal bitrate adaptation for online videos},
	year={2016},
}

@article{buffer-based-sigcomm-2014,
	author = {Huang, Te-Yuan and Johari, Ramesh and McKeown, Nick and Trunnell, Matthew and Watson, Mark},
	title = {A Buffer-based Approach to Rate Adaptation: Evidence from a Large Video Streaming Service},
	journal = {SIGCOMM Comput. Commun. Rev.},
	issue_date = {October 2014},
	volume = {44},
	number = {4},
	month = aug,
	year = {2014},
	pages = {187--198}
} 

@inproceedings{MPC-SIGCOMM-2015,
	address = {New York, New York, USA},
	author = {Yin, Xiaoqi and Jindal, Abhishek and Sekar, Vyas and Sinopoli, Bruno},
	booktitle = {ACM SIGCOMM},
	title = {{A Control-theoretic Approach for Dynamic Adaptive Video Streaming over HTTP}},
	year = {2015}
}

@article{Liu-sigmetrics-2008,
	author = {Liu, Shao and Zhang-Shen, Rui and Jiang, Wenjie and Rexford, Jennifer and Chiang, Mung},
	title = {Performance Bounds for Peer-assisted Live Streaming},
	journal = {SIGMETRICS Perform. Eval. Rev.},
	issue_date = {June 2008},
	volume = {36},
	number = {1},
	month = jun,
	year = {2008},
	pages = {313--324},
}

@inproceedings{Wang:ACMmm-2011,
	author = {Wang, Zhi and Sun, Lifeng and Yang, Shiqiang and Zhu, Wenwu},
	title = {Prefetching Strategy in Peer-assisted Social Video Streaming},
	booktitle = {ACM MM},
	year = {2011},
	pages = {1233--1236},
} 

@INPROCEEDINGS{P2PHttp-2012,
	author={S. {Lederer} and C. {Müller} and C. {Timmerer}},
	booktitle={ACM PV},
	title={Towards peer-assisted dynamic adaptive streaming over {HTTP}},
	year={2012},
	pages={161-166},
}

@ARTICLE{P2P-incentive-2010,
	author={C. {Liang} and Z. {Fu} and Y. {Liu} and C. W. {Wu}},
	journal={IEEE TPDS},
	title={Incentivized Peer-Assisted Streaming for On-Demand Services},
	year={2010},
	volume={21},
	number={9},
	pages={1354-1367},
	month={Sep.},
}

@ARTICLE{PeerAss-RTMFP-2018,
	author={S. {Zou} and Q. {Wang} and J. {Ge} and Y. {Tian}},
	journal={IEEE Transactions on Circuits and Systems for Video Technology},
	title={Peer-Assisted Video Streaming With {RTMFP} Flash Player: A Measurement Study on {PPTV}},
	year={2018},
	volume={28},
	number={1},
	pages={158-170},
}

@INPROCEEDINGS{EdgeNode-GameTheory-Globecomm-2018,
	author={W. {Zhao} and W. {Qiu} and C. {Zhou} and Z. {Liu} and T. {Hara}},
	booktitle={IEEE Globecom Workshops},
	title={Edge-Node Assisted Live Video Streaming: A Coalition Formation Game Approach},
	year={2018},
}

@INPROCEEDINGS{Collaborative-P2P-WCNC-2018,
	author={C. {Lee} and I. {Chen}},
	booktitle={IEEE WCNC},
	title={Collaborative {P2P} streaming based on {MPEG-DASH} for smart devices},
	year={2018},
	pages={1-6},
}

@inproceedings{kiedanski2019youtube,
	title={Youtube traffic from the perspective of a developing country: the case of {Uruguay}},
	author={Kiedanski, Diego and Nogueira, Mateo and Gramp{\'\i}n, Eduardo},
	booktitle={IEEE INFOCOM Workshops},
	pages={714--719},
	year={2019}
}

@inproceedings{zhang2015crowdsourced,
	title={On crowdsourced interactive live streaming: a twitch.tv-based measurement study},
	author={Zhang, Cong and Liu, Jiangchuan},
	booktitle={ACM NOSSDAV},
	pages={55--60},
	year={2015}
}


@article{ISHAKIAN201714,
	title={{AngelCast}: Cloud-based peer-assisted live streaming using optimized multi-tree construction},
	author={Ishakian, Vatche and Sweha, Raymond and Bestavros, Azer},
	journal={Computer Communications},
	volume={111},
	pages={14--28},
	year={2017},
	publisher={Elsevier}
}

@ARTICLE{TNET-Migration-2016,
	author={F. {Wang} and J. {Liu} and M. {Chen} and H. {Wang}},
	journal={IEEE/ACM Tran. on Netw.},
	title={Migration Towards Cloud-Assisted Live Media Streaming},
	year={2016},
	volume={24},
	number={1},
	pages={272-282}
}

@ARTICLE{TNET-Coop-2015,
	author={D. {Ciullo} and V. {Martina} and M. {Garetto} and E. {Leonardi}},
	journal={IEEE/ACM Tran. on Netw.},
	title={How Much Can Large-Scale Video-on-Demand Benefit From Users' Cooperation?},
	year={2015},
	volume={23},
	number={6},
	pages={1846--1861},
	month={Dec},
}

@misc{LiveStreamDuration1,
	title = {Live Streaming: Strategies to Increase Audience Attention \& Engagement Activity},
	howpublished = {\url{http://www.mikedelgado.org/live-streaming/audience-engagement/}},
	note = {Accessed: 2019-05-01}
}
@misc{LiveStreamDuration2,
	title = {The Top Video Live Streaming Statistics To Know in 2018},
	howpublished = {\url{https://50wheel.com/the-top-video-live-streaming-statistics-to-know-in-2018/}},
	note = {Accessed: 2019-05-01}
}

@misc{multicastAbrCablelabs,
	title = {{IP} Multicast Adaptive Bit Rate Architecture Technical Report},
	howpublished = {\url{https://specification-search.cablelabs.com/ip-multicast-adaptive-bit-rate-architecture-technical-report}},
	note = {Accessed: 2020-06-26},
	month = {Jun},
	year = {2016}
}

@INPROCEEDINGS{dht1,
	author={K. {Leung} and I. {Lee}},
	booktitle={2009 International Symposium on Computer Network and Multimedia Technology},
	title={Distributed Video Streaming over DHT P2P Overlays},
	year={2009},
	volume={},
	number={},
	pages={1-4},
	ISSN={},
	month={Jan},
}

@article{ChordStoica,
	author = {Stoica, Ion and Morris, Robert and Karger, David and Kaashoek, M. Frans and Balakrishnan, Hari},
	title = {Chord: A Scalable Peer-to-peer Lookup Service for Internet Applications},
	journal = {SIGCOMM Comput. Commun. Rev.},
	issue_date = {October 2001},
	volume = {31},
	number = {4},
	month = aug,
	year = {2001},
	issn = {0146-4833},
	pages = {149--160},
	numpages = {12},
	acmid = {383071},
	publisher = {ACM},
	address = {New York, NY, USA},
} 

@INPROCEEDINGS{ICN-DASH,
	author={S. {Lederer} and C. {Mueller} and B. {Rainer} and C. {Timmerer} and H. {Hellwagner}},
	booktitle={IEEE ICME}, 
	title={An experimental analysis of Dynamic Adaptive Streaming over {HTTP} in Content Centric Networks}, 
	year={2013},
	volume={},
	number={},
	pages={1-6},
}

@ARTICLE{7995137,
	author={J. {Samain} and G. {Carofiglio} and L. {Muscariello} and M. {Papalini} and M. {Sardara} and M. {Tortelli} and D. {Rossi}},
	journal={IEEE Transactions on Multimedia}, 
	title={Dynamic Adaptive Video Streaming: Towards a Systematic Comparison of {ICN} and {TCP/IP}}, 
	year={2017},
	volume={19},
	number={10},
	
	pages={2166-2181},
}
