@inproceedings {mahimahi,
	author = {Ravi Netravali and Anirudh Sivaraman and Somak Das and Ameesh Goyal and Keith Winstein and James Mickens and Hari Balakrishnan},
	title = {Mahimahi: Accurate Record-and-Replay for {HTTP}},
	booktitle = {2015 {USENIX} Annual Technical Conference ({USENIX} {ATC} 15)},
	year = {2015},
	isbn = {978-1-931971-225},
	address = {Santa Clara, CA},
	pages = {417--429},
	url = {https://www.usenix.org/conference/atc15/technical-session/presentation/netravali},
	publisher = {{USENIX} Association},
	month = Jul,
}


@inproceedings{Abadi2016,
	author = {Abadi, Mart\'{\i}n and Barham, Paul and Chen, Jianmin and Chen, Zhifeng and Davis, Andy and Dean, Jeffrey and Devin, Matthieu and Ghemawat, Sanjay and Irving, Geoffrey and Isard, Michael and Kudlur, Manjunath and Levenberg, Josh and Monga, Rajat and Moore, Sherry and Murray, Derek G. and Steiner, Benoit and Tucker, Paul and Vasudevan, Vijay and Warden, Pete and Wicke, Martin and Yu, Yuan and Zheng, Xiaoqiang},
	title = {{TensorFlow: A System for Large-scale Machine Learning}},
	booktitle = {USENIX OSDI},
	year = {2016},
	pages = {265--283},
}