@inproceedings{rao2011network,
  title={Network characteristics of video streaming traffic},
  author={Rao, Ashwin and Legout, Arnaud and Lim, Yeon-sup and Towsley, Don and Barakat, Chadi and Dabbous, Walid},
  booktitle={Proceedings of the Seventh ACM CoNEXT},
  pages={25},
  year={2011},
  organization={ACM}
}


@inproceedings{bola-2016,
	author = {Spiteri, K and Urgaonkar, R and Sitaraman, R K},
	booktitle = {Proceedings of the 35th Annual IEEE ICC},
	month = {apr},
	pages = {1--9},
	title = {{BOLA: Near-optimal bitrate adaptation for online videos}},
	year = {2016}
}

@article{kakhki2019taking,
  title={Taking a long look at {QUIC}: an approach for rigorous evaluation of rapidly evolving transport protocols},
  author={Kakhki, Arash Molavi and Jero, Samuel and Choffnes, David and Nita-Rotaru, Cristina and Mislove, Alan},
  journal={Communications of the ACM},
  volume={62},
  number={7},
  pages={86--94},
  year={2019},
  publisher={ACM New York, NY, USA}
}

@inproceedings{langley2017quic,
  title={The {QUIC} transport protocol: Design and internet-scale deployment},
  author={Langley, Adam and Riddoch, Alistair and Wilk, Alyssa and Vicente, Antonio and Krasic, Charles and Zhang, Dan and Yang, Fan and Kouranov, Fedor and Swett, Ian and Iyengar, Janardhan and others},
  booktitle={Proceedings of the ACM SIGCOMM},
  pages={183--196},
  year={2017},
  organization={ACM}
}

@inproceedings{stockhammer2011dynamic,
  title={Dynamic adaptive streaming over {HTTP}--: standards and design principles},
  author={Stockhammer, Thomas},
  booktitle={Proceedings of the ACM MMSys},
  pages={133--144},
  year={2011},
  organization={ACM}
}

@inproceedings{yin2015control,
  title={A control-theoretic approach for dynamic adaptive video streaming over {HTTP}},
  author={Yin, Xiaoqi and Jindal, Abhishek and Sekar, Vyas and Sinopoli, Bruno},
  booktitle={ACM SIGCOMM Computer Communication Review},
  volume={45},
  number={4},
  pages={325--338},
  year={2015},
  organization={ACM}
}

@inproceedings{mao2017neural,
  title={Neural adaptive video streaming with {Pensieve}},
  author={Mao, Hongzi and Netravali, Ravi and Alizadeh, Mohammad},
  booktitle={Proceedings of the ACM SIGCOMM},
  pages={197--210},
  year={2017},
  organization={ACM}
}

@inproceedings{QUIC-2017,
	address = {New York, NY, USA},
	author = {Langley, Adam and Riddoch, Alistair and Wilk, Alyssa and Vicente, Antonio and Krasic, Charles and Zhang, Dan and Yang, Fan and Kouranov, Fedor and Swett, Ian and Iyengar, Janardhan and Bailey, Jeff and Dorfman, Jeremy and Roskind, Jim and Kulik, Joanna and Westin, Patrik and Tenneti, Raman and Shade, Robbie and Hamilton, Ryan and Vasiliev, Victor and Chang, Wan-Teh and Shi, Zhongyi},
	booktitle = {Proceedings of the ACM SIGCOMM},
	pages = {183--196},
	publisher = {ACM},
	title = {{The QUIC Transport Protocol: Design and Internet-Scale Deployment}},
	year = {2017}
}

@article{Erman,
	author = {Erman, Jeffrey and Gopalakrishnan, Vijay and Jana, Rittwik and Ramakrishnan, K K},
	title = {{Towards a SPDY'ier Mobile Web?}}
}


@article{Cui2017,
  title={Innovating transport with {QUIC}: Design approaches and research challenges},
  author={Cui, Yong and Li, Tianxiang and Liu, Cong and Wang, Xingwei and K{\"u}hlewind, Mirja},
  journal={IEEE Internet Computing},
  volume={21},
  number={2},
  pages={72--76},
  year={2017},
  publisher={IEEE}
}

@article{SPDYingupweb,
	author = {Thomas, Bryce and Jurdak, Raja and Atkinson, Ian},
	title = {SPDYing Up the Web},
	journal = {Commun. ACM},
	issue_date = {December 2012},
	volume = {55},
	number = {12},
	month = dec,
	year = {2012},
	issn = {0001-0782},
	pages = {64--73},
	numpages = {10},
	url = {http://doi.acm.org/10.1145/2380656.2380673},
	doi = {10.1145/2380656.2380673},
	acmid = {2380673},
	publisher = {ACM},
	address = {New York, NY, USA},
} 


@inproceedings{Megyesi2016,
  title={How quick is {QUIC?}},
  author={Megyesi, P{\'e}ter and Kr{\"a}mer, Zsolt and Moln{\'a}r, S{\'a}ndor},
  booktitle={Proceedings of the 2016 IEEE ICC},
  pages={1--6},
  year={2016},
  organization={IEEE}
}

@misc{roskind2015quic,
	title={{QUIC}: Design document and specification rational},
	author={Roskind, Jim},
	year={2015}
}

@article{Biswal2017,
	author = {Biswal, Prasenjeet and Gnawali, Omprakash},
	journal = {Proceedings of the 2016 IEEE Globecom},
	keywords = {Does QUIC Make the Web Faster?},
	title = {{Does QUIC make the web faster?}},
	year = {2017}
}

@article{Carlucci,

	author = {Carlucci, Gaetano and {De Cicco}, Luca and Mascolo, Saverio},
	doi = {10.1145/2695664.2695706},
	file = {:home/abhijit/.local/share/data/Mendeley Ltd./Mendeley Desktop/Downloaded/Carlucci, De Cicco, Mascolo - Unknown - HTTP over UDP an Experimental Investigation of QUIC.pdf:pdf},
	keywords = {HTTP,QUIC,SPDY,TCP,UDP,congestion control},
	mendeley-groups = {spdy-quic},
	title = {{HTTP over UDP: an Experimental Investigation of QUIC}}
}

@inproceedings{Lychev2015,
	author = {Lychev, Robert and Jero, Samuel and Boldyreva, Alexandra and Nita-Rotaru, Cristina},
	booktitle = {Proceedings - IEEE Symposium on Security and Privacy},
	doi = {10.1109/SP.2015.21},
	file = {:home/abhijit/.local/share/data/Mendeley Ltd./Mendeley Desktop/Downloaded/Lychev et al. - 2015 - How secure and quick is QUIC Provable security and performance analyses.pdf:pdf},
	isbn = {9781467369497},
	issn = {10816011},
	mendeley-groups = {spdy-quic},
	title = {{How secure and quick is QUIC? Provable security and performance analyses}},
	year = {2015}
}

@article{bakri2015http,
	title={{HTTP/2} and {QUIC} for Virtual Worlds and the {3D} Web?},
	author={Bakri, Hussein and Allison, Colin and Miller, Alan and Oliver, Iain},
	journal={Procedia Computer Science},
	volume={56},
	pages={242--251},
	year={2015},
	publisher={Elsevier}
}


@inproceedings{mpquic-measure,
  title={Multipath {QUIC}: Design and evaluation},
  author={De Coninck, Quentin and Bonaventure, Olivier},
  booktitle={Proceedings of the 13th ACM CoNEXT},
  pages={160--166},
  year={2017},
  organization={ACM}
}


@inproceedings {mahimahi,
	author = {Ravi Netravali and Anirudh Sivaraman and Somak Das and Ameesh Goyal and Keith Winstein and James Mickens and Hari Balakrishnan},
	title = {Mahimahi: Accurate Record-and-Replay for {HTTP}},
	booktitle = {Proceedings of the USENIX ATC},
	year = {2015},
	pages = {417--429}
}


@misc{dataset-fcc,
	author = {Federal Communications Commission},
	title = {{Raw Data - Measuring Broadband America - Eighth Report}},
	howpublished = "\url{https://www.fcc.gov/reports-research/reports/measuring-broadband-america/raw-data-measuring-broadband-america-eighth}",
	year = {2018}, 
	note = "[Online; accessed 29-March-2019]"
}

@misc{webrequest,
	title="Chrome.WebRequest",
	howpublished="\url{https://developer.chrome.com/extensions/webRequest}",
	note = "[Online; accessed 12-March-2020]"
}

@misc{har,
	title="HTTP Archive (HAR) format",
	howpublished="\url{https://w3c.github.io/web-performance/specs/HAR/Overview.html}",
	note="[Online; accessed 12-March-2020]"
}

@misc{xdotool,
	title="https://www.semicomplete.com/projects/xdotool/",
	howpublished="\url{https://github.com/jordansissel/xdotool}",
	note="[Online; accessed 12-March-2020]"
}
@misc{lsquic,
	author       = {{LiteSpeed Tech}},
	title        = {{litespeedtech/lsquic: LiteSpeed QUIC and HTTP/3 Library }},
	howpublished="\url{https://github.com/litespeedtech/lsquic}",
	note="[Online; accessed 12-March-2020]"
}

@article{mannwhitney,
	title={The {Mann-Whitney U}: A test for assessing whether two independent samples come from the same distribution},
	author={Nachar, Nadim and others},
	journal={TQMP},
	pages={13--20},
	year={2008}
}

@misc{go-quic,
	author = "Lucas Clemente",
	title = "A QUIC implementation in pure go",
	howpublished = "https://github.com/lucas-clemente/quic-go",
	note = "[Online; accessed 12-March-2020]"
}


@manual{man-udp,
	title      = "UDP(7) Linux Programmer's Manual ",
	year       = "2017",
	month      = "September",
}

@inproceedings{dataset-norway,
	author = {Riiser, Haakon and Vigmostad, Paul and Griwodz, Carsten and Halvorsen, P{\aa}l},
	title = {Commute Path Bandwidth Traces from {3G} Networks: Analysis and Applications},
	booktitle = {Proceedings of the ACM MMSys},
	year = {2013},
	pages = {114--118},
} 

@inproceedings{bhat2017not,
  title={Not so {QUIC}: A performance study of {DASH} over {QUIC}},
  author={Bhat, Divyashri and Rizk, Amr and Zink, Michael},
  booktitle={Proceedings of the 27th ACM NOSSDAV},
  pages={13--18},
  year={2017}
}

@inproceedings{bhat2018improving,
  title={Improving {QoE} of {ABR} Streaming Sessions through {QUIC} Retransmissions},
  author={Bhat, Divyashri and Deshmukh, Rajvardhan and Zink, Michael},
  booktitle={Proceedings of the 2018 ACM MM},
  pages={1616--1624},
  year={2018}
}

@inproceedings{van2018empirical,
  title={Empirical Study for Dynamic Adaptive Video Streaming Service Based on Google Transport {QUIC} Protocol},
  author={Van, TONG and Tran, Hai Anh and Souihi, Sami and Mellouk, Abdelhamid},
  booktitle={Proceedings of the 43rd IEEE LCN},
  pages={343--350},
  year={2018}
}