@misc{ wiki:dash,
   author = "{Wikipedia contributors}",
   title = "Dynamic Adaptive Streaming over HTTP --- {W}ikipedia{,} The Free Encyclopedia",
   year = "2004",
   url = "https://en.wikipedia.org/wiki/Dynamic_Adaptive_Streaming_over_HTTP",
   note = "[Online; \lastaccessedtoday]"
 }

@misc{ w3c:eme,
	author = "David, Dorwin and Jerry, Smith and Mark, Watson and Adrian, Bateman",
	title = "Encrypted Media Extensions --- {W3C}",
	year = "2017",
	url = "https://www.w3.org/TR/2017/REC-encrypted-media-20170918/",
	note = "[Online; \lastaccessedtoday]"
}

@misc{ w3c:mse,
	author = "Matthew, Wolenetz and Jerry, Smith and Mark, Watson and Aaron, Colwell and Adrian, Bateman",
	title = "Media Source Extensions --- {W3C}",
	year = "2016",
	url = "https://www.w3.org/TR/2016/REC-media-source-20161117/",
	note = "[Online; \lastaccessedtoday]"
}

"dash no-ml"
@article{dash:probe,
	author = {Li, Zhi and Zhu, Xiaoqing and Gahm, Joshua and Pan, Rong and Hu, Hao and Begen, Ali C and Oran, David},
	file = {:tmp/06774592.pdf:pdf},
	journal = {IEEE Journal on Selected Areas in Communications},
	mendeley-groups = {dash},
	number = {4},
	pages = {719--733},
	publisher = {IEEE},
	title = {{Probe and adapt: Rate adaptation for HTTP video streaming at scale}},
	volume = {32},
	year = {2014}
}

@inproceedings{dash:cs2p,
	address = {New York, NY, USA},
	author = {Sun, Yi and Yin, Xiaoqi and Jiang, Junchen and Sekar, Vyas and Lin, Fuyuan and Wang, Nanshu and Liu, Tao and Sinopoli, Bruno},
	booktitle = {Proceedings of the 2016 ACM SIGCOMM Conference},
	doi = {10.1145/2934872.2934898},
	file = {:tmp/p272-sun.pdf:pdf},
	isbn = {978-1-4503-4193-6},
	keywords = {Bitrate Adaptation,Dynamic Adaptive Streaming over HTTP (DASH),Internet Video,TCP,Throughput Prediction},
	mendeley-groups = {dash},
	pages = {272--285},
	publisher = {ACM},
	series = {SIGCOMM '16},
	title = {{CS2P: Improving Video Bitrate Selection and Adaptation with Data-Driven Throughput Prediction}},
	url = {http://doi.acm.org/10.1145/2934872.2934898},
	year = {2016}
}

@inproceedings{dash:CFA,
	address = {Santa Clara, CA},
	author = {Jiang, Junchen and Sekar, Vyas and Milner, Henry and Shepherd, Davis and Stoica, Ion and Zhang, Hui},
	booktitle = {13th {\{}USENIX{\}} Symposium on Networked Systems Design and Implementation ({\{}NSDI{\}} 16)},
	file = {:tmp/nsdi16-paper-jiang-junchen.pdf:pdf},
	isbn = {978-1-931971-29-4},
	mendeley-groups = {dash},
	month = {mar},
	pages = {137--150},
	publisher = {{\{}USENIX{\}} Association},
	title = {{{\{}CFA{\}}: A Practical Prediction System for Video QoE Optimization}},
	url = {https://www.usenix.org/conference/nsdi16/technical-sessions/presentation/jiang},
	year = {2016}
}

@inproceedings{dash:rnb,
	author = {Yan, Zhisheng and Chen, Chang Wen},
	booktitle = {Proceedings of the Annual International Conference on Mobile Computing and Networking, MOBICOM},
	doi = {10.1145/2973750.2973780},
	file = {:home/abhijit/.local/share/data/Mendeley Ltd./Mendeley Desktop/Downloaded/Yan, Chen - 2016 - RnB rate and brightness adaptation for rate-distortion-energy tradeoff in HTTP adaptive streaming over mobile devices.pdf:pdf},
	isbn = {9781450342261},
	keywords = {Backlight scaling,Mobile devices,Rate adaptation,Rate-distortion-energy,Video streaming},
	mendeley-groups = {dash},
	number = {1},
	pages = {308--319},
	title = {{RnB: Rate and brightness adaptation for rate-distortion-energy tradeoff in HTTP adaptive streaming over mobile devices}},
	url = {http://dl.acm.org/citation.cfm?doid=2973750.2973780},
	year = {2016}
}

@inproceedings{dash:buffer,
	address = {New York, NY, USA},
	author = {Huang, Te-Yuan and Johari, Ramesh and McKeown, Nick and Trunnell, Matthew and Watson, Mark},
	booktitle = {Proceedings of the 2014 ACM Conference on SIGCOMM},
	doi = {10.1145/2619239.2626296},
	file = {:tmp/p187-huang.pdf:pdf},
	isbn = {978-1-4503-2836-4},
	keywords = {http-based video streaming,video rate adaptation algorithm},
	mendeley-groups = {dash},
	pages = {187--198},
	publisher = {ACM},
	series = {SIGCOMM '14},
	title = {{A Buffer-based Approach to Rate Adaptation: Evidence from a Large Video Streaming Service}},
	url = {http://doi.acm.org/10.1145/2619239.2626296},
	year = {2014}
}

@inproceedings{dash:mpc,
	address = {New York, New York, USA},
	author = {Yin, Xiaoqi and Jindal, Abhishek and Sekar, Vyas and Sinopoli, Bruno},
	booktitle = {Proceedings of the 2015 ACM Conference on Special Interest Group on Data Communication - SIGCOMM '15},
	doi = {10.1145/2785956.2787486},
	file = {:home/abhijit/.local/share/data/Mendeley Ltd./Mendeley Desktop/Downloaded/Yin et al. - 2015 - A Control-Theoretic Approach for Dynamic Adaptive Video Streaming over HTTP.pdf:pdf},
	isbn = {9781450335423},
	keywords = {bitrate adaptation,dash,internet video,model predictive control},
	mendeley-groups = {dash},
	pages = {325--338},
	publisher = {ACM Press},
	series = {SIGCOMM '15},
	title = {{A Control-Theoretic Approach for Dynamic Adaptive Video Streaming over HTTP}},
	url = {http://dl.acm.org/citation.cfm?doid=2785956.2787486},
	year = {2015}
}

@inproceedings{dash:bola,
	author = {Spiteri, K and Urgaonkar, R and Sitaraman, R K},
	booktitle = {IEEE INFOCOM 2016 - The 35th Annual IEEE International Conference on Computer Communications},
	doi = {10.1109/INFOCOM.2016.7524428},
	file = {:home/abhijit/.local/share/data/Mendeley Ltd./Mendeley Desktop/Downloaded/Spiteri, Urgaonkar, Sitaraman - 2016 - BOLA Near-optimal bitrate adaptation for online videos.pdf:pdf},
	keywords = {Adaptive Bitrate Streaming,BOLA,Bandwidth,Bit rate,DASH standard,Internet,Internet Video,Lyapunov Optimization,Lyapunov optimization techniques,Optimal Control,Quality assessment,Servers,Video Quality,Videos,bitrate adaptation,modern video players,near-optimal utility,network traces,online control algorithm,quality of experience,rebuffering,reference player implementation,time-average utility,utility maximization problem,video providers,video quality,video transmission},
	mendeley-groups = {dash},
	month = {apr},
	pages = {1--9},
	title = {{BOLA: Near-optimal bitrate adaptation for online videos}},
	year = {2016}
}

"dash with ML"
@inproceedings{dash:pensieve,
	address = {New York, NY, USA},
	author = {Mao, Hongzi and Netravali, Ravi and Alizadeh, Mohammad},
	booktitle = {Proceedings of the Conference of the ACM Special Interest Group on Data Communication},
	doi = {10.1145/3098822.3098843},
	file = {:home/abhijit/.local/share/data/Mendeley Ltd./Mendeley Desktop/Downloaded/Mao, Netravali, Alizadeh - 2017 - Neural Adaptive Video Streaming with Pensieve.pdf:pdf},
	isbn = {978-1-4503-4653-5},
	keywords = {bitrate adaptation,reinforcement learning,video streaming},
	mendeley-groups = {dash},
	pages = {197--210},
	publisher = {ACM},
	series = {SIGCOMM '17},
	title = {{Neural Adaptive Video Streaming with Pensieve}},
	url = {http://doi.acm.org/10.1145/3098822.3098843},
	year = {2017}
}

@inproceedings{dash:oboe,
	address = {New York, NY, USA},
	author = {Akhtar, Zahaib and Nam, Yun Seong and Govindan, Ramesh and Rao, Sanjay and Chen, Jessica and Katz-Bassett, Ethan and Ribeiro, Bruno and Zhan, Jibin and Zhang, Hui},
	booktitle = {Proceedings of the 2018 Conference of the ACM Special Interest Group on Data Communication},
	doi = {10.1145/3230543.3230558},
	file = {:home/abhijit/.local/share/data/Mendeley Ltd./Mendeley Desktop/Downloaded/Akhtar et al. - 2018 - Oboe Auto-tuning Video ABR Algorithms to Network Conditions.pdf:pdf},
	isbn = {978-1-4503-5567-4},
	keywords = {adaptive bitrate algorithms,video delivery},
	mendeley-groups = {dash},
	pages = {44--58},
	publisher = {ACM},
	series = {SIGCOMM '18},
	title = {{Oboe: Auto-tuning Video ABR Algorithms to Network Conditions}},
	url = {http://doi.acm.org/10.1145/3230543.3230558},
	year = {2018}
}

@inproceedings{dash:hotdash,
	author = {Sengupta, Satadal and Ganguly, Niloy and Chakraborty, Sandip and De, Pradipta},
	booktitle = {2018 {\{}IEEE{\}} 26th International Conference on Network Protocols, {\{}ICNP{\}} 2018, Cambridge, UK, September 25-27, 2018},
	doi = {10.1109/ICNP.2018.00026},
	file = {:home/abhijit/.local/share/data/Mendeley Ltd./Mendeley Desktop/Downloaded/Sengupta et al. - 2018 - HotDASH Hotspot Aware Adaptive Video Streaming Using Deep Reinforcement Learning.pdf:pdf},
	isbn = {978-1-5386-6043-0},
	mendeley-groups = {dash},
	pages = {165--175},
	publisher = {{\{}IEEE{\}} Computer Society},
	title = {{HotDASH: Hotspot Aware Adaptive Video Streaming Using Deep Reinforcement Learning}},
	url = {https://doi.org/10.1109/ICNP.2018.00026},
	year = {2018}
}
