@article{google-long-initcwnd,
title = {An Argument for Increasing TCP's Initial Congestion Window},
author  = {Nandita Dukkipati and Tiziana Refice and Yuchung Cheng and Jerry Chu and Tom Herbert and Amit Agarwal and Arvind Jain and Natalia Sutin},
year  = 2010,
URL = {http://ccr.sigcomm.org/drupal/?q=node/621},
journal = {ACM SIGCOMM Computer Communications Review},
pages = {27--33},
volume  = {40}
}

@inproceedings{google-fast-open,
	title = {TCP Fast Open},
	author  = {Sivasankar Radhakrishnan and Yuchung Cheng and Jerry Chu and Arvind Jain and Barath Raghavan},
	year  = 2011,
	booktitle = {Proceedings of the 7th International Conference on emerging Networking EXperiments and Technologies (CoNEXT)}
}

