@techreport{RFC0793,
  author = {Jon Postel},
  title = {Transmission Control Protocol},
  howpublished = {Internet Requests for Comments},
  type = {STD},
  number = {7},
  year = {1981},
  month = {September},
  issn = {2070-1721},
  publisher = {RFC Editor},
  institution = {RFC Editor},
  url = {http://www.rfc-editor.org/rfc/rfc793.txt},
  note = {\url{http://www.rfc-editor.org/rfc/rfc793.txt}},
}

@techreport{RFC2001,
    author = {W. Richard Stevens},
    title = {{TCP} Slow Start, Congestion Avoidance, Fast Retransmit, and Fast Recovery Algorithms},
    howpublished = {Internet Requests for Comments},
    type = {RFC},
    number = {2001},
    year = {1997},
    month = {January},
    issn = {2070-1721},
    publisher = {RFC Editor},
    institution = {RFC Editor},
    url = {http://www.rfc-editor.org/rfc/rfc2001.txt},
    note = {\url{http://www.rfc-editor.org/rfc/rfc2001.txt}},
}

@techreport{RFC2988,
    author = {V. Paxson and M. Allman},
    title = {Computing {TCP}'s Retransmission Timer},
    howpublished = {Internet Requests for Comments},
    type = {RFC},
    number = {2988},
    year = {2000},
    month = {November},
    issn = {2070-1721},
    publisher = {RFC Editor},
    institution = {RFC Editor},
}

@techreport{RFC2581,
    author = {M. Allman and V. Paxson and W. Stevens},
    title = {{TCP} Congestion Control},
    howpublished = {Internet Requests for Comments},
    type = {RFC},
    number = {2581},
    year = {1999},
    month = {April},
    issn = {2070-1721},
    publisher = {RFC Editor},
    institution = {RFC Editor},
}

@techreport{RFC2582,
    author = {Sally Floyd and Tom Henderson},
    title = {The NewReno Modification to {TCP}'s Fast Recovery Algorithm},
    howpublished = {Internet Requests for Comments},
    type = {RFC},
    number = {2582},
    year = {1999},
    month = {April},
    issn = {2070-1721},
    publisher = {RFC Editor},
    institution = {RFC Editor},
    url = {http://www.rfc-editor.org/rfc/rfc2582.txt},
    note = {\url{http://www.rfc-editor.org/rfc/rfc2582.txt}},
}

@techreport{RFC2018,
    author = {M. Mathis and J. Mahdavi and S. Floyd and A. Romanow},
    title = {{TCP} Selective Acknowledgment Options},
    howpublished = {Internet Requests for Comments},
    type = {RFC},
    number = {2018},
    year = {1996},
    month = {October},
    issn = {2070-1721},
    publisher = {RFC Editor},
    institution = {RFC Editor},
}